3557 5449
814 396 963 473 442
1426 418 1775 471 mancas
1826 417 1918 471 m:
1968 417 2220 471 suu-rr
2277 418 2704 471 morconor.

820 656 847 685 ,
897 606 1203 672 extitistis
1226 610 1294 672 et
1320 606 1731 689 compatiens
1750 606 2026 684 miseris,
2051 605 2310 672 afflictis
2335 609 2402 671 et
2423 605 2758 684 desolatis
2781 626 2916 674 non
2935 608 3318 693 patiamini,
3519 658 3521 661 ι

823 754 849 781 ,,
895 703 1183 781 domina,
1210 722 1320 769 me
1348 704 1661 771 miseram
1688 703 2031 769 mulierem
2059 703 2156 769 sic
2179 721 2526 770 remanere
2555 705 2688 769 mei
2716 705 2891 771 unici
2917 706 3036 771 filii
3063 706 3318 773 solacio
3519 664 3522 769 J

820 851 849 878 ,
896 802 1303 869 destitutam.
1334 804 1633 879 Domina,
1671 802 1960 878 domina,
2001 800 2230 879 fllium,
2259 820 2458 885 quem
2499 801 2698 867 michi
2741 823 2922 869 mors
2967 804 3316 888 surripuit,

822 950 847 978 ,
894 899 1101 966 redde
1128 902 1345 968 michi.
1372 900 1677 979 Domina,
1704 900 1994 979 domina,
2020 900 2283 983 placeat
2310 900 2498 967 vobis
2539 901 2740 967 michi
2767 903 2984 969 facere
3021 903 3228 987 quod,
3260 904 3316 968 si

821 1050 847 1077 „
894 1000 1131 1081 placet,
1160 1002 1457 1083 potestis,
1486 998 1637 1065 Heu
1664 1019 1773 1065 me
1816 998 2154 1065 dolorosa!
2197 999 2396 1064 Vobis
2425 1018 2600 1076 eum,
2629 999 2920 1080 domina,
2948 1002 3006 1067 si
3033 1002 3314 1078 viveret,
3349 1021 3380 1073 5

823 1150 849 1177 „
896 1117 1045 1164 cum
1086 1099 1419 1165 oblatione
1448 1103 1840 1181 presentare
1879 1098 2336 1182 proponebam
2379 1100 2446 1163 et
2481 1097 2722 1165 devote
2760 1105 3060 1166 vestram
3101 1101 3318 1166 eccle-

822 1247 849 1275 „
896 1197 1065 1262 siam
1090 1197 1380 1263 visitare.
1411 1196 1548 1274 Set,
1580 1200 1654 1263 ut
1680 1216 1850 1275 reor,
1896 1214 2122 1262 meum
2145 1196 2562 1279 propositum
2589 1195 2850 1280 impleri
2875 1218 3011 1264 non
3040 1200 3314 1265 curatis.
3521 1163 3523 1253 ¹

374 1298 769 1362 psalm.88,5o.
822 1346 849 1375 ,
896 1296 1027 1361 Ubi
1058 1299 1214 1361 sunt
1252 1296 1699 1362 misericordie
1725 1298 1840 1361 tue
1868 1294 2159 1379 antique,
2188 1294 2478 1373 domina,
2505 1296 2620 1360 ubi
2648 1298 2864 1380 pietas
2893 1297 3111 1376 solita,
3143 1318 3316 1382 quas
3517 1258 3524 1391 ]

822 1393 1119 1473 ,soletis
1147 1395 1459 1461 desolatis
1500 1398 1569 1461 et
1594 1393 1852 1461 afflictis
1881 1392 2310 1472 exhibere?,
2363 1393 2534 1459 Dum
2575 1396 2672 1460 sic
2699 1394 2962 1475 clamat,
3007 1397 3176 1463 dum
3221 1393 3316 1463 sic

813 1494 1107 1558 lamenta
1125 1493 1341 1569 iterat,
1370 1494 1529 1558 dum
1558 1492 1648 1558 ad
1672 1492 1972 1576 reginam
1994 1510 2332 1557 sermones
2361 1492 2594 1559 crebro
2621 1494 2946 1560 convertit
2971 1494 3314 1579 lugubres
3351 1512 3406 1564 ιο

816 1590 929 1676 qui
948 1591 1295 1657 defunctus
1316 1592 1709 1657 credebatur
1730 1610 1774 1657 a
1791 1591 2182 1675 parentibus
2204 1594 2272 1655 et
2293 1591 2549 1670 ceteris,
2573 1592 2690 1675 qui
2713 1592 2808 1659 ibi
2827 1593 3132 1671 aderant,
3154 1614 3317 1659 mox

814 1691 883 1756 in
931 1690 1173 1756 feretro
1220 1689 1670 1773 deponendus,
1712 1689 1936 1756 oculos
1986 1689 2266 1773 aperuit,
2315 1708 2555 1755 manus
2597 1688 2839 1757 levavit
2889 1696 2957 1758 et
3005 1692 3310 1759 clamans

818 1791 1029 1873 inquit
1072 1812 1087 1853 ε
1134 1794 1161 1823 ⁸
1216 1789 1479 1855 Gratias
1504 1789 1695 1855 vobis
1734 1788 1970 1867 refero,
1998 1787 2284 1871 gloriosa
2323 1787 2598 1855 domina
2631 1790 2833 1856 beata
2859 1790 3316 1874 Radegundis,

824 1938 851 1957 .
900 1888 1057 1972 quia
1076 1907 1186 1952 me
1206 1907 1251 1953 a
1266 1887 1601 1971 languore,
1628 1906 1761 1971 quo
1791 1886 1932 1953 dire
1959 1886 2340 1971 torquebar,
2363 1887 2873 1955 misericorditer
2895 1889 3252 1955 liberastis.
3283 1942 3310 1969 ,

816 1988 899 2053 Et
954 1986 1193 2053 adiecit
1240 2008 1259 2051 ε
1313 1990 1340 2019 ⁸
1398 1986 1609 2052 Mater
1656 1986 2020 2064 carissima,
2077 1984 2436 2051 clamorem
2490 1990 2792 2053 vestrum
2847 1987 3192 2053 exaudivit
3245 1993 3312 2053 ct
3349 2004 3402 2056 15

825 2140 852 2169 ,
899 2086 1315 2169 angustiosas
1362 2084 1667 2151 lacrimas
1722 2084 2014 2168 respexit
2066 2084 2367 2167 piissima
2421 2084 2710 2164 domina,
2769 2106 2972 2169 quam
3019 2106 3148 2171 pro
3206 2106 3316 2151 me

826 2238 851 2267 ‚
899 2184 1321 2251 devotissime
1362 2182 1705 2250 exorastis
1734 2183 2195 2249 Acceleremus
2235 2182 2434 2267 igitur
2460 2183 2844 2250 beatissime
2885 2185 3132 2268 regine,
3183 2205 3314 2269 que

824 2336 852 2365 ,
898 2303 1007 2349 me
1035 2283 1313 2361 sanavit,
1338 2281 1567 2348 limina
1606 2282 1895 2348 visitare.
1933 2332 1960 2359 ,
1993 2282 2141 2347 Non
2166 2285 2322 2365 post
2345 2281 2592 2348 multos
2621 2282 2763 2348 dies
2791 2283 3006 2349 dictus
3033 2282 3312 2361 iuvenis,

815 2382 1171 2464 resumptis
1198 2382 1467 2458 viribuS‚
1486 2381 1757 2447 omnino
1777 2400 2002 2458 sanuS,
2030 2380 2338 2447 defuncte
2357 2381 2592 2446 matris
2614 2382 2909 2465 exequiis
2935 2381 3312 2459 celebratis,

818 2482 907 2547 ad
946 2479 1287 2546 ecclesiam
1321 2480 1522 2558 venit,
1572 2480 1640 2543 in
1682 2499 1819 2563 qua
1856 2478 2142 2546 Pictavis
2183 2497 2422 2562 corpus
2468 2479 2668 2545 beate
2711 2480 2980 2547 domine
3017 2480 3311 2547 habetur
3347 2484 3404 2557 ’ω

818 2579 1237 2657 tumulatum,
1264 2579 1489 2662 ibique
1514 2597 1667 2644 cum
1700 2578 1950 2662 ingenti
1975 2578 2326 2644 devotione
2351 2578 2600 2661 gratias
2627 2578 2780 2662 egit,
2822 2580 3112 2645 offerens
3155 2599 3315 2645 can-

819 2680 1058 2758 delam,
1107 2698 1353 2764 panem
1402 2680 1471 2744 et
1516 2678 1745 2745 vinum
1787 2681 1856 2745 et
1902 2678 2242 2744 sudarium
2290 2696 2420 2762 quo
2468 2676 2690 2744 fuerat
2735 2677 3090 2758 involutus,
3141 2678 3318 2745 sicut

818 2781 1033 2847 eidem
1074 2781 1309 2856 mater,
1342 2777 1503 2844 dum
1546 2777 1816 2856 viveret,
1857 2776 2249 2853 iniunxerat,
2287 2796 2704 2861 narransque
2743 2776 3042 2861 pluribus
3087 2782 3318 2844 astan-
3527 2779 3529 2894 χ

800 2879 995 2955 „tibus
1038 2878 1457 2962 stupentibus
1495 2882 1699 2961 atque
1736 2877 1948 2943 Deum
1989 2875 2413 2942 laudantibus
2462 2880 2531 2943 et
2572 2876 2692 2942 Dei
2736 2880 2804 2942 et
2845 2877 3042 2944 beate
3085 2877 3316 2944 Rade-

818 2977 1055 3062 gundis
1074 2976 1199 3043 sibi
1210 2977 1343 3042 vite
1363 2979 1434 3041 et
1452 2975 1755 3042 sanitatis
1776 2976 2118 3058 inopinata
2138 2973 2462 3041 beneficia
2480 2978 2687 3060 atque
2706 2975 3058 3060 magnalia,
3073 2996 3314 3060 sospes
3347 2997 3400 3048 ε

750 3089 755 3094 ·
820 3095 973 3142 cum
998 3069 1402 3140 iocunditate
1430 3072 1721 3138 recessit.

905 3180 981 3240 8.
1027 3173 1103 3239 In
1123 3171 1387 3255 dyocesi
1414 3170 1876 3255 Engolimensi‚
1897 3170 2078 3254 apud
2107 3170 2398 3236 Montem
2418 3170 2624 3238 Beros
2643 3171 2762 3256 (1),
2776 3171 2974 3238 Petro
3001 3172 3089 3239 de
3115 3172 3315 3240 lardo

818 3277 1005 3358 gutte
1052 3271 1325 3338 morbus
1373 3289 1522 3337 crus
1557 3267 1639 3335 'et
1688 3269 1926 3336 tibiam
1983 3290 2106 3353 per
2155 3269 2440 3336 duorum
2492 3289 2822 3338 annorum
2861 3272 3160 3356 spatium
3219 3273 3316 3338 ita

821 3375 1243 3438 contraxerat
1270 3374 1337 3436 et
1365 3372 1846 3453 spasmaverat,
1877 3367 2056 3453 quod
2075 3387 2210 3434 non
2233 3371 2501 3452 poterat
2531 3369 2706 3452 pede
2733 3374 2984 3436 terram
3015 3373 3314 3455 tangere.

820 3470 1115 3536 Plurima
1153 3468 1591 3535 medicamina
1616 3471 2039 3552 apposuerat,
2079 3467 2344 3544 herbas,
2393 3485 2642 3546 succos,
2693 3467 3074 3551 emplastra,
3103 3470 3316 3537 mala·
3345 3489 3400 3542 ω

818 3572 1065 3653 gmata,
1110 3568 1665 3646 embrocaciones,
1714 3567 2242 3645 fomentationes,
2291 3565 2690 3650 epichimata
2715 3567 2816 3652 (Ξ)
2855 3571 2926 3634 et
2969 3574 3315 3652 unguenta

818 3668 1227 3734 diversarum
1270 3667 1657 3750 specierum,
1702 3685 1832 3750 que
1873 3666 2096 3732 omnia
2137 3666 2445 3731 morbum
2481 3665 2706 3749 potius
2745 3685 3068 3749 agi-avare
3105 3686 3314 3751 quam

816 3766 1120 3850 mitigare
1140 3765 1568 3850 percipiebat.
1598 3763 1900 3849 Cumque
1917 3764 2176 3830 videret
2193 3763 2418 3829 omnia
2443 3783 2574 3848 que
2599 3769 3052 3848 temptaverat
3069 3765 3314 3832 effectu

814 3884 1042 3932 carere
1090 3864 1358 3941 salubri,
1414 3862 1683 3929 demum
1740 3863 2248 3928 saluberrimum
2303 3866 2373 3928 et
2426 3862 2868 3929 certissimum
2918 3863 3310 3944 remedium,

817 3963 1346 4047 experimentum
1373 3961 1730 4038 infallibile,
1761 3961 2008 4026 scilicet
2034 3979 2230 4043 opem
2255 3959 2516 4041 virtutis
2545 3960 2928 4026 beatissime
2951 3961 3312 4046 Radegun·
3341 3979 3394 4031 ³5

816 4063 941 4139 dis,
968 4062 1093 4127 sibi
1121 4061 1423 4145 poposcit
1471 4061 1729 4138 adesse,
1774 4059 2048 4143 eiusque
2096 4057 2409 4125 auxilium
2437 4058 2864 4124 devotissime
2889 4058 3216 4142 flagitare,
3245 4065 3312 4127 et

816 4159 999 4226 velut
1028 4179 1259 4225 amens
1287 4179 1407 4242 pre
1434 4158 1677 4225 doloris
1705 4159 2014 4242 angustia
2039 4156 2255 4240 inquit
2277 4156 2468 4241 uxori
2495 4175 2656 4223 sue:
2689 4160 2717 4191 '¹
2747 4155 2996 4237 Mulier,
3023 4159 3204 4225 vado
3223 4159 3310 4226 ad

825 4308 853 4337 ,
900 4263 1202 4325 sanctam
1230 4257 1588 4335 dominam,
1617 4276 1748 4342 que
1767 4275 1894 4324 sua
1918 4255 2160 4322 virtute
2187 4255 2462 4321 infirmis
2494 4254 2770 4338 largitur
2799 4275 3082 4322 munera
3099 4259 3312 4341 sospi-

826 4407 854 4436 ,
901 4357 1078 4436 tatis,
1103 4375 1472 4441 numquam
1504 4374 1912 4433 reversurus,
1943 4355 2070 4420 nisi
2099 4353 2298 4420 michi
2323 4353 2685 4438 prestiterit
2710 4355 3090 4422 sanitatem.
3125 4405 3158 4436 ,
3191 4355 3311 4422 Vix

814 4456 1033 4537 prima
1059 4454 1167 4520 die
1186 4454 1529 4520 dimidiam
1548 4454 1808 4520 leucam
1825 4454 2080 4538 peregit
2095 4453 2378 4531 itineris3
2399 4451 2520 4518 sed
2538 4453 2844 4536 sequenti
2863 4453 3116 4520 dietam
3143 4454 3312 4521 inte-
3343 4469 3394 4521 o

886 4675 959 4738 (1)
993 4673 1309 4739 Hontbron,
1344 4673 1488 4730 ch.·1.
1511 4674 1582 4729 de
1603 4677 1765 4738 cant..
1799 4689 1906 4729 arr.
1929 4673 2327 4744 d'Ancouleme
2349 4673 2684 4740 (Charonte).
2717 4703 2780 4714 —
2819 4673 2895 4738 (Ξ)
2929 4675 3082 4730 Pour
3110 4677 3308 4744 episto-

822 4762 994 4812 mala.
