3557 5449
772 461 952 512 3131..
1005 460 1205 510 rum„
1258 459 1813 513 noromsnusis.
1861 479 1958 492 -—
2010 461 2356 512 APPENDIX
2405 462 2474 512 v.
2709 441 2851 514 257

394 649 861 731 persecutionis
904 649 1361 729 exspectarent
1410 647 1623 713 diem.
1672 647 1842 713 Data
1892 649 2113 730 itaque
2161 651 2509 730 potestate,
2551 669 2682 711 non
2743 667 2856 712 eos

391 747 604 822 iudici,
656 765 789 811 non
836 747 1098 810 cuilibet
1140 746 1450 826 potestati
1492 750 1725 810 oll‘crre
1756 747 2116 822 voluerunt,
2146 747 2261 810 sed
2290 748 2749 828 protrahentes
2791 747 2855 810 in

392 846 605 911 forum
632 845 901 928 propria
928 848 1256 925 potestate
1286 844 1481 908 variis
1509 844 1912 927 diversisque
1963 847 2302 910 tormentis
2345 845 2558 926 posita
2589 846 2856 910 daemo-

390 944 645 1008 niorum
702 943 1017 1008 sacrificia
1071 942 1365 1006 nolentes
1422 943 1793 1024 contingere
1842 943 2234 1008 afficiebant.
2278 943 2590 1008 Perseve1
2593 943 2855 1008 antibus

318 1054 353 1105 5
391 1061 549 1106 vero
623 1041 867 1106 sanctis
933 1041 1203 1104 famulis
1272 1040 1409 1120 Dei,
1474 1040 1697 1106 dicunt
1766 1042 1854 1107 ad
1923 1061 2035 1106 eos
2105 1042 2276 1107 cives
2340 1041 2793 1106 Afrodisianae
2838 1060 2852 1100 ε

396 1139 817 1207 ‘Consilium
848 1159 889 1203 a
916 1138 1104 1203 uobis
1123 1139 1145 1176 ¹
1174 1139 1388 1216 datur,
1419 1140 1719 1221 quamvis
1746 1145 1977 1205 sancta
2018 1145 2245 1205 nostra
2285 1140 2434 1205 odio
2474 1140 2854 1215 habueritis

402 1289 431 1318 „
474 1241 697 1303 tamen
726 1240 997 1320 propter
1023 1237 1288 1304 decreta
1315 1237 1531 1320 legum
1572 1237 1844 1302 liberate
1888 1238 2141 1303 animas
2182 1242 2457 1315 vestraS,
2499 1259 2582 1303 ne
2619 1238 2857 1302 moria-

400 1385 429 1414 „
476 1337 633 1400 mitri
686 1389 735 1414 ,.
786 1335 911 1413 Qui
954 1335 1223 1400 instanti
1270 1355 1429 1400 voce
1478 1336 1709 1418 repleti
1757 1337 2004 1418 Spiritu
2046 1341 2273 1401 sancto
2313 1337 2793 1418 responderunt
2836 1357 2852 1399 ε

394 1440 425 1468 ⁸
473 1434 659 1500 Tunc
687 1434 1023 1499 vobiscum
1052 1434 1465 1509 senserimus,
1496 1434 1553 1497 si
1578 1439 1848 1517 propter
1875 1434 2085 1499 Deum
2113 1436 2492 1500 recedentes
2519 1455 2563 1500 a
2579 1439 2854 1518 patrum

293 1547 357 1598 10
400 1582 447 1618 ,ο
475 1533 723 1616 legibus
750 1541 873 1596 nec
900 1532 1237 1597 deviantes
1266 1533 1521 1596 animas
1548 1537 1808 1598 nostras
1834 1525 2326 1614 perdiderimus
2354 1533 2462 1598 Sic
2499 1535 2673 1598 enim
2715 1535 2852 1616 ipse

400 1638 427 1666 ⁸
475 1631 543 1695 in
572 1630 905 1712 evangelio
968 1631 981 1711 Ι
1042 1630 1360 1695 Dominus
1387 1650 1509 1695 nos
1552 1631 1811 1695 docuit:
1843 1637 1868 1712 ξ’
1908 1631 2313 1714 Quicumque
2342 1631 2690 1697 salvaverit
2719 1631 2854 1696 ani·
3024 1651 3060 1704 s,
3077 1650 3180 1704 54

400 1779 429 1808 ,
475 1749 655 1795 mam
686 1747 876 1794 suam
903 1729 971 1793 in
996 1729 1122 1793 hoc
1150 1729 1429 1805 saeculo,
1454 1728 1685 1811 perdet
1706 1723 1866 1793 eam'
1884 1778 1938 1806 „.
1965 1729 2284 1794 Dixerunt
2305 1731 2396 1794 eis
2418 1729 2854 1796 Afrodisiani:
2906 1749 2986 1804 cf.
3005 1747 3286 1811 Luo.9,24

398 1836 427 1864 ⁸
474 1827 611 1893 Nos
680 1827 896 1892 adhuc
963 1827 1347 1908 patientiam
1416 1827 1699 1908 gerimus
1768 1827 1835 1891 in
1888 1828 2089 1904 vobis,
2147 1829 2201 1892 si
2257 1832 2482 1892 tamen
2524 1829 2854 1893 volueritis

402 1977 429 2005 ,
475 1925 767 1991 converti
808 1929 874 1989 et
920 1925 1159 1990 salvari
1218 1976 1267 2004 ,.
1324 1924 1699 1990 Diodoritus
1748 1928 1815 1989 et
1862 1925 2287 2007 Rodopianus
2328 1926 2854 2008 responderunt:

292 2037 358 2088 15
399 2031 428 2059 ⁸
474 2023 661 2088 Nunc
682 2042 889 2106 usque
910 2023 1295 2104 gravissima
1313 2041 1529 2104 poena
1548 2023 1757 2098 nohis,
1777 2041 1910 2088 non
1930 2023 2332 2089 invenientes
2355 2024 2552 2089 talem
2573 2026 2854 2090 occasio-

400 2173 429 2202 ,
474 2141 627 2188 nem
669 2121 1137 2186 colluctationis
1180 2121 1495 2186 adversus
1524 2121 1790 2186 insidias
1827 2122 2086 2198 diaboli,
2132 2143 2260 2205 quo
2311 2127 2724 2188 transeuntes
2775 2123 2856 2187 de

402 2221 601 2300 „hac
649 2219 993 2302 temporali
1052 2221 1185 2284 vita
1239 2219 1325 2284 ad
1378 2219 1555 2284 illam
1625 2224 1966 2284 aeternam
2026 2222 2366 2302 pervenire
2414 2223 2748 2287 valeamus
2807 2272 2857 2299 „.

392 2319 653 2402 Repleti
694 2339 851 2384 vero
880 2317 1096 2383 furore
1134 2318 1531 2382 Atrodisiani
1562 2323 1878 2382 exuentes
1909 2337 2020 2382 eos
2056 2319 2123 2383 in
2151 2319 2367 2384 medio
2398 2320 2536 2386 soro
2579 2321 2859 2385 fustibus

392 2419 779 2494 caedebant,
800 2417 1137 2481 dicentes:
1172 2415 1641 2480 “Invictissimi
1668 2417 1994 2498 principes
2023 2419 2229 2482 nostri
2251 2437 2328 2483 ac
2347 2419 2645 2501 perpetui
2675 2438 2858 2501 reges

290 2528 357 2578 20
400 2565 427 2593 ,‚
476 2515 645 2580 hanc
684 2514 897 2578 lucem
930 2533 973 2578 a
1014 2513 1136 2578 diis
1176 2513 1498 2578 habentes
1536 2531 1912 2577 concessam
1953 2517 2018 2577 et
2044 2515 2266 2579 omnia
2308 2516 2374 2578 in
2417 2535 2642 2581 eorum
2673 2521 2859 2598 pote·

398 2663 427 2692 „
476 2618 668 2689 state,
698 2617 765 2677 et
784 2632 901 2676 vos
930 2631 1079 2676 eam
1108 2611 1425 2676 caducam
1453 2610 1663 2675 dicitis
1694 2630 1838 2676 esse
1869 2661 1918 2689 „.
1949 2612 2245 2695 Cumque
2275 2614 2385 2677 diu
2415 2613 2858 2688 caederentur,

391 2712 699 2777 dicebant
738 2710 827 2776 ad
854 2731 967 2776 eos
1011 2733 1027 2773 :
1064 2717 1089 2745 ‘¹
1127 2709 1457 2775 Consulite
1487 2709 1669 2775 vobis
1699 2714 1766 2775 et
1792 2710 2170 2787 sacrificate,
2222 2732 2306 2777 ne
2347 2732 2466 2777 vos
2508 2713 2862 2778 offeramus

398 2862 427 2889 „
474 2811 792 2876 iudicibus
842 2813 910 2874 et
958 2808 1231 2873 diversis
1280 2810 1507 2891 poenis
1557 2808 1872 2873 deficiatis
1925 2860 1974 2887 „.
2024 2810 2248 2875 Sancti
2291 2830 2447 2876 vero
2493 2812 2718 2877 famuli
2745 2812 2861 2877 Dei

391 2914 769 2975 constanter
796 2908 1275 2990 responderunt
1306 2930 1321 2971 ε
1357 2914 1384 2941 ”
1421 2906 1649 2971 Omnis
1678 2906 2050 2973 sacrificans
2079 2910 2442 2974 daemoniis
2472 2915 2538 2975 et
2565 2930 2697 2975 non
2725 2910 2860 2975 Deo

287 3018 353 3069 25
399 3056 429 3085 „
475 3005 931 3072 eradicabitur.
961 3004 1091 3069 Vos
1120 3004 1295 3086 quod
1324 3003 1517 3067 vultis
1561 3003 1770 3080 facite,
1812 3005 1946 3068 sive
1979 3024 2060 3069 ex
2103 3006 2334 3069 nobis⁸
2360 3006 2497 3071 sive
2527 3026 2608 3070 ex
2636 3006 2860 3071 iudice.

400 3156 429 3185 ‚
472 3105 611 3189 Nos
635 3109 862 3169 autem
884 3102 1239 3167 retinentes
1262 3101 1521 3165 Domini
1543 3102 1745 3166 nostri
1768 3103 2254 3183 p1·omissioneS‚
2269 3105 2656 3169 confortati⁸
2677 3105 2761 3169 ab
2784 3124 2864 3169 eo

401 3255 430 3284 ,
474 3196 741 3268 omnem
798 3206 1079 3265 mortem
1134 3200 1351 3281 parati
1409 3218 1633 3264 sumus
1676 3200 1994 3281 excipere,
2046 3202 2100 3265 si
2174 3206 2398 3267 tamen
2448 3202 2722 3267 dicenda
2763 3207 2861 3267 est

400 3353 430 3382 „
474 3320 655 3366 mors
710 3350 760 3380 ,.
803 3300 1046 3364 Iterum
1094 3297 1317 3362 dicunt
1366 3298 1459 3362 eis
1501 3298 1900 3362 Afrodisiani
1945 3321 1962 3363 ε
2015 3305 2040 3332 '⁶
2091 3298 2226 3364 Nos
2268 3300 2402 3365 iam
2443 3300 2862 3365 condolemus

403 3452 430 3480 „
474 3401 661 3465 vobis
698 3449 748 3477 „.
777 3396 1028 3461 Famuli
1058 3415 1215 3461 vero
1244 3395 1360 3460 Dei
1382 3396 1902 3477 responderunt:
1931 3404 1956 3431 ‘¹
1987 3396 2159 3475 Quid
2188 3398 2378 3462 nobis
2405 3398 2863 3481 persuadetis?

292 3509 361 3560 ³0
403 3550 430 3578 ,‚
472 3498 609 3564 Nos
636 3496 784 3562 vani
815 3496 983 3577 regis
1012 3494 1287 3560 decretis
1316 3512 1449 3558 non
1476 3494 2172 3575 obte111peramu3,nec
2205 3496 2633 3561 daemonibus
2663 3498 2861 3562 sacri·
2927 3546 2930 3549 -

402 3647 429 3675 ,
475 3596 767 3671 ficamuS,
816 3614 935 3660 nec
991 3594 1225 3659 vestris
1288 3591 1623 3657 diabolicis
1678 3594 2211 3673 persuasionibus
2265 3594 2746 3677 adquiescimus
2811 3646 2862 3671 ,.

393 3695 655 3778 Repleti
688 3694 909 3776 itaque
940 3692 1155 3757 furore
1188 3689 1607 3765 Afrodisiani‚
1646 3692 1822 3773 quod
1865 3693 1958 3756 ita
1986 3692 2054 3756 in
2084 3692 2244 3757 deos
2287 3698 2355 3757 et
2383 3694 2447 3756 in
2476 3712 2662 3775 reges
2703 3695 2865 3757 etin

396 3795 573 3876 ipsos
601 3790 1190 3873 blasphemassent,
1220 3808 1341 3853 nec
1370 3788 1559 3852 iudici
1590 3789 1918 3853 ordinario
1951 3809 2063 3853 eos
2092 3790 2327 3855 offerre
2356 3791 2718 3867 voluerunt,
2749 3792 2866 3855 sed

396 3892 641 4003 tractos
684 3889 964 3972 pedibus
994 3888 1167 3951 foras
1196 3888 1523 3951 civitatem
1555 3887 2022 3998 unusquisque.
2051 3892 2123 3951 ut
2151 3892 2430 3970 poterat
2476 3889 2758 3955 calcibus
2800 3893 2866 3953 et

398 4088 635 4153 milites
656 4086 797 4161 Dei,
818 4086 1065 4167 gratias
1091 4088 1361 4165 agentes
1384 4082 1540 4158 Dec,
1571 4083 1682 4165 qui
1712 4082 1805 4147 eis
1827 4037 2212 4165 condignam
2237 4086 2558 4167 passionis
2585 4085 2868 4150 toleran-

399 4188 563 4251 tiam
590 4184 790 4257 dedit,
823 4182 1249 4255 reddiderunt
1274 4181 1575 4262 spiritum
1618 4181 1763 4245 Iesu
1792 4180 1924 4245 Clu
1928 4182 2050 4245 isto
2089 4182 2372 4259 domin0,
2402 4182 2503 4247 cui
2533 4187 2632 4248 est
2660 4183 2868 4249 honor

400 4288 469 4349 et
496 4282 843 4365 imperium
866 4282 929 4344 in
960 4280 1221 4345 saecula
1248 4278 1673 4344 saeculomm.
1703 4280 1936 4359 Amen.

484 4402 797 4475 Explicit
850 4399 1097 4473 passio
1158 4400 1569 4458 sanctorum
1624 4402 2034 4469 martyrum
2089 4400 2456 4460 Diodorou
2511 4404 2586 4459 et
2640 4402 2870 4461 nodo-

302 4514 367 4566 40
401 4502 627 4576 piam,
658 4514 849 4572 quae
874 4504 991 4558 est
1017 4499 1161 4556 111⁰
1188 4510 1421 4557 nonas
1448 4494 1647 4555 lunii.

474 4700 493 4733 ¹
515 4696 645 4762 Lem
666 4693 971 4750 Consilium
996 4692 1153 4746 vobis
1175 4692 1257 4745 tvl
1280 4690 1579 4745 Consilium
1602 4708 1639 4744 a
1660 4690 1838 4745 nobis.
1853 4718 1921 4729 --
1935 4691 1960 4724 '²
1985 4690 2106 4746 Non
2114 4707 2178 4744 ne
2197 4692 2568 4757 corripendum
2591 4692 2788 4747 vobis?
2806 4721 2870 4733 -

406 4783 435 4815 ²
456 4779 763 4833 confortata
782 4781 911 4829 εικῆ·
930 4791 1073 4827 corr.
2513 4768 2520 4775 ·

670 4890 821 4929 naz„
852 4888 1017 4938 που...
1048 4888 1099 4927 τ.
1134 4888 1285 4927 mu.
2547 4873 2608 4926 1‘1'
