3557 5449
734 397 917 449 131131..
968 396 1171 448 rum..
1223 397 1782 450 noromennsis.
1837 418 1928 428 --
1987 399 2328 450 APPEme
2383 401 2474 451 vi.
2687 380 2834 453 259

376 583 593 665 egredi
646 585 787 649 ausi
829 585 1061 662 forent,
1112 604 1453 667 quousque
1504 589 1735 649 sancta
1781 604 1982 649 manu
2037 587 2220 664 signo
2269 588 2473 651 crucis
2516 588 2836 669 impresso

376 682 719 764 imperavit
746 687 821 747 ut
848 683 1091 747 nemini
1120 684 1384 748 animali
1413 683 1513 747 vel
1556 684 1729 746 omni
1775 684 2020 748 homini
2066 685 2225 748 ultra
2275 692 2614 758 nocereut;
2660 687 2834 768 quod

376 779 579 844 fixum
607 784 807 862 atque
836 786 1053 844 ratum
1082 801 1291 863 usque
1316 781 1509 845 hodie
1537 781 1840 844 omnibus
1866 781 2345 845 habitatoribus
2393 783 2553 846 illius
2584 784 2834 848 insulae

372 881 575 960 patet,
606 917 687 926 —
717 879 1049 961 ipsiusque
1076 881 1173 958 (1)
1220 881 1307 942 ob
1336 898 1629 943 amorem
1672 879 2014 943 felicissimi
2073 881 2458 944 consess-oris
2488 881 2716 945 Hilarii
2747 883 2834 946 ad

302 991 337 1040 5
375 978 513 1042 eius
567 978 890 1042 tumulum
946 971 1029 1042 de
1092 977 1543 1042 transmarinis
1613 979 1910 1059 partibus
1975 977 2254 1042 Pictavis
2276 1019 2291 1034 -
2311 981 2694 1044 accedentes
2753 999 2835 1044 ex

374 1076 639 1141 tabulae
680 1080 1031 1158 argenteae
1072 1077 1357 1157 pulvere,
1389 1095 1558 1158 quae
1597 1095 1799 1158 supra
1826 1082 2262 1140 memoratum
2305 1083 2370 1140 et
2414 1078 2837 1144 luculentissi-

373 1193 555 1239 mum
584 1175 797 1239 virum
840 1178 982 1239 erat
1011 1175 1114 1238 vel
1142 1175 1341 1238 etiarn
1372 1175 1439 1238 in
1464 1194 1642 1256 gyro,
1672 1189 1806 1256 pro·
1827 1173 2112 1256 reliquiis
2143 1196 2290 1240 cum
2320 1195 2556 1258 magno
2591 1178 2836 1242 honore

374 1271 763 1337 detulerunt.
786 1272 1225 1351 Quodetiam
1269 1273 1361 1336 eis
1390 1292 1433 1336 a
1460 1273 1840 1336 custodibus
1869 1293 1948 1337 cx
1992 1275 2393 1338 vestimentis
2422 1275 2596 1339 beati
2625 1277 2838 1357 ponti-

372 1369 511 1435 ficis
541 1371 843 1453 largitum
889 1374 1007 1446 est,
1037 1371 1491 1434 transmarinis
1534 1370 1667 1434 suis
1713 1370 1952 1446 cellulis
1997 1371 2526 1452 deportaverunt.
2569 1360 2713 1455 Ipse
2741 1375 2836 1456 (2)

273 1490 337 1540 ιο
372 1469 655 1552 denique
682 1469 1065 1552 magnificus
1091 1469 1189 1532 vir
1232 1468 1509 1533 similem
1542 1468 1665 1532 sibi
1688 1469 1751 1532 in
1774 1469 2119 1533 sanctitate
2143 1470 2589 1534 beatissimum
2611 1472 2834 1536 Marti-

370 1587 531 1633 num
558 1569 1009 1633 Turonensem
1036 1567 1411 1649 pontificem
1440 1567 1782 1632 diaconem
1808 1567 2150 1633 ordinavit.
2181 1569 2402 1650 Usque
2431 1589 2602 1633 nunc
2636 1571 2835 1635 etiam

261 1677 267 1682 '
370 1667 441 1732 in
472 1667 787 1732 coenobio
815 1667 1039 1731 Sancti
1068 1665 1245 1731 Petri
1274 1665 1574 1743 Pictavi3‚
1605 1667 1717 1730 ubi
1744 1667 1956 1747 primo
1989 1685 2060 1731 se
2082 1667 2353 1730 invicem
2387 1669 2833 1744 obviaverunt,

372 1767 527 1829 ante
556 1765 913 1840 ecclesiam,
959 1783 1129 1846 quae
1155 1763 1577 1844 postmodum
1608 1768 1977 1828 constructa
2015 1770 2113 1828 est
2151 1766 2210 1828 in
2243 1765 2490 1829 honore
2519 1766 2832 1847 praedicti

370 1863 581 1926 sancti
634 1863 914 1938 Martini,
972 1881 1197 1926 eorum
1258 1862 1526 1943 vestigia
1576 1862 1714 1926 solo
1752 1862 2072 1943 impressa
2122 1869 2407 1928 manent.
2437 1865 2834 1946 Locotegaco

270 1981 335 2031 15
370 1961 545 2025 enim
564 1961 714 2025 villa
723 1963 819 2042 (3)
832 1962 1117 2042 primum
1138 1965 1397 2025 mortuo
1410 1979 1613 2042 penes
1634 1961 1916 2024 Pictavis
1939 1961 2076 2025 eius
2097 1961 2498 2026 orationibus
2522 1963 2834 2027 Dominus

370 2060 657 2124 animam
686 2058 989 2123 reddidit.
1011 2058 1246 2122 Multos
1276 2077 1535 2141 quoque
1565 2057 1880 2122 Dominus
1924 2078 2150 2123 caecos
2191 2078 2308 2141 per
2351 2061 2485 2124 eius
2529 2061 2834 2125 meritum

368 2158 771 2234 illuminavit,
814 2157 1157 2222 nonnullos
1206 2177 1247 2221 a
1309 2157 1739 2222 daemonibus
1782 2177 2132 2240 oppressos
2182 2158 2493 2240 pristinae
2551 2161 2836 2224 reddidit

366 2257 581 2322 saluti.
642 2257 909 2320 Plurimi
964 2256 1177 2321 claudi
1232 2275 1573 2337 gressuum
1651 2275 2034 2338 compagem
2097 2264 2475 2321 meruerunt
2524 2259 2832 2340 recipere,

365 2355 683 2437 multique
704 2355 975 2419 diversis
1003 2353 1421 2436 languoribus
1450 2354 1713 2417 distenti
1742 2354 1828 2417 ob
1853 2355 1990 2418 eius
2019 2355 2320 2419 meritum
2355 2356 2652 2420 sanitatis
2681 2361 2835 2420 sunt

265 2472 329 2522 20
364 2453 619 2535 gratia⁵
660 2453 904 2518 donati.
946 2453 1292 2517 Multorum
1339 2471 1599 2534 quoque
1629 2451 2098 2516 monachorum
2141 2452 2296 2517 inibi
2340 2455 2831 2518 consistentium

365 2551 626 2617 animae
666 2551 953 2634 paradisi
982 2550 1214 2615 ianuas
1243 2553 1621 2614 meruerunt
1668 2549 1755 2614 ob
1803 2551 1938 2614 eius
1978 2551 2346 2632 exemplum
2394 2553 2832 2635 meritumque

364 2649 717 2733 possidere.
769 2649 965 2714 Plura
1047 2650 1129 2714 de
1204 2650 1339 2714 eius
1418 2649 1743 2713 miraculis
1803 2649 2300 2714 facundissimus
2372 2651 2570 2714 refert
2633 2656 2830 2733 poeta

362 2749 761 2814 Fortunatus
803 2749 1071 2831 eiusque
1102 2749 1540 2831 eloquentiam
1571 2748 1637 2812 in
1669 2751 1922 2813 tantum
1969 2749 2154 2813 effert
2184 2748 2508 2813 laudibus.
2539 2752 2612 2814 ut
2654 2750 2829 2814 dicat

363 2848 519 2931 quia
545 2850 713 2913 sicut
746 2849 1144 2930 impossibile
1170 2852 1270 2912 est
1299 2848 1551 2913 caelum
1584 2847 1783 2929 digito
1806 2852 2091 2929 tangere.
2110 2848 2200 2911 ita
2230 2848 2486 2911 difficile
2509 2848 2595 2911 sit
2623 2849 2826 2912 vitam

258 2963 323 3013 25
360 2965 441 3013 ac
460 2947 735 3011 virtutes
762 2946 927 3010 illius
958 2946 1209 3011 calamo
1232 2945 1784 3029 comprehendere
1811 2944 1924 3013 ‹4›.
1955 2945 2036 3010 Et
2065 2946 2210 3010 ideo
2241 2966 2370 3009 non
2395 2946 2606 3010 minus
2633 2946 2825 3029 digne

360 3049 427 3111 et
454 3045 869 3109 laudabiliter
910 3044 1210 3109 convenit
1247 3064 1394 3110 cum
1431 3044 1660 3108 ceteris
1688 3043 1927 3108 sanctis
1959 3043 2361 3108 mirabilibus
2401 3043 2536 3108 eius
2579 3064 2823 3109 memo-

356 3145 525 3211 riam
549 3163 665 3225 per
687 3144 979 3209 omnium
1001 3163 1323 3208 annorum
1349 3142 1665 3207 curricula
1688 3141 2038 3212 revolvere,
2063 3162 2256 3224 quem
2282 3142 2580 3208 dominus
2602 3148 2826 3208 noster

356 3243 538 3306 Iesus
560 3240 855 3309 Christus
886 3242 971 3305 ad
998 3239 1491 3305 illuminandum
1511 3257 1715 3321 genus
1738 3240 2100 3303 humanum
2120 3241 2188 3304 in
2208 3240 2330 3305 hoc
2353 3259 2418 3302 m
2427 3239 2600 3304 undo
2623 3240 2825 3305 voluit

356 3339 761 3422 spiritualem
790 3339 1123 3403 lucernam
1149 3338 1565 3403 accendere...

422 3498 605 3565 Quam
644 3499 973 3552 sententiam
1019 3504 1313 3565 postquam
1360 3498 1603 3565 pluribus
1661 3498 1842 3551 verbis
1883 3472 2172 3564 explicavit
2217 3498 2462 3565 scriptor.
2501 3500 2556 3552 iu
2605 3500 2822 3553 laudem

352 3596 407 3649 S.
432 3594 624 3648 Hilarii
652 3611 747 3662 per
768 3596 921 3649 locos
956 3610 1283 3649 communes
1316 3594 1613 3662 plurimum
1639 3594 1958 3663 digreditur:
1995 3595 2136 3648 inter
2167 3612 2310 3663 quae
2347 3612 2407 3649 se
2443 3596 2821 3651 pictavensem

353 3708 477 3747 esse
498 3692 573 3746 ita
592 3692 769 3747 innuit
796 3714 809 3745 ι

434 3841 519 3905 Et
559 3840 713 3922 quia
740 3840 887 3921 pius
916 3844 983 3904 ct
1025 3842 1388 3906 misericors
1417 3841 1729 3906 Dominus
1756 3860 1886 3905 non
1928 3841 2139 3905 solum
2169 3845 2532 3923 martyrum
2561 3842 2820 3912 solacia.

349 4032 419 4043 -
440 4004 465 4039 ὅ
486 4004 693 4071 gratiae
713 4007 829 4057 cml.

416 4160 491 4222 (1)
523 4159 679 4225 Quae
711 4164 1031 4227 sequuntur.
1066 4176 1177 4212 nom
1214 4158 1385 4211 habet
1424 4160 1785 4213 Fortunatus:
1831 4163 1886 4211 at
1924 4157 2124 4211 similia
2184 4160 2502 4225 legebantur
2541 4160 2594 4213 in
2631 4159 2820 4213 codice

348 4241 725 4296 Bellovacensi
749 4242 951 4308 dequo
976 4258 1025 4307 p.
1046 4244 1162 4293 ⁶2:1⁸.
1189 4245 1301 4293 not.
1332 4244 1371 4293 1.
1411 4268 1477 4279 -
1518 4244 1589 4301 (2²)
1626 4240 1806 4293 Locus
1831 4239 1943 4305 lpse·
1974 4241 2199 4305 dmu‘qm·
2314 4242 2566 4307 inape-ema
2604 4248 2820 4294 venenu-n!

348 4324 576 4376 totidem
596 4322 777 4375 verbis
799 4323 1065 4385 legitur-in
1082 4328 1237 4387 parte
1263 4323 1461 4375 inedita
1484 4322 1767 4373 Sei-unionis
1817 4322 2098 4373 cuiusdam
2145 4323 2214 4373 «te
2263 4322 2532 4373 miraculis
2557 4322 2610 4374 S.
2635 4322 2820 4375 Hilarii

346 4404 477 4467 <lm
484 4404 539 4457 1,.
561 4405 745 4465 :mlh
773 4404 878 4456 vid.
899 4404 981 4455 Fr.
1004 4406 1281 4457 Cannam).
1306 4404 1465 4455 Setini
1491 4403 1695 4456 Men-lin
1722 4410 1771 4454 e!
1804 4420 1898 4456 stou
1929 4403 2222 4454 ”intumet-c·
2243 4404 2306 4454 de·
2331 4403 2531 4466 Ιρῐςμιςμῖ
2552 4404 2820 4461 ιΡοῑῑίει-ε.

351 4488 517 4546 1873),
556 4502 605 4552 p.
646 4488 821 4538 21-22.
870 4485 961 4537 uhi
1004 4502 1177 4551 fluuit-a
1211 4485 1355 4537 edita
1376 4490 1506 4537 sunt
1546 4500 1611 4537 ex
1657 4484 1844 4536 codice
1877 4484 2168 4537 Parisiensi
2207 4484 2350 4537 bibl.
2391 4484 2526 4535 Nat..
2574 4485 2667 4537 lat.
2710 4487 2820 4549 lem,

344 4583 489 4621 saec.
512 4567 609 4619 th
637 4576 771 4627 (non
794 4581 937 4618 saec.
960 4564 1025 4626 X,
1053 4570 1111 4617 ut
1136 4566 1255 4619 vult
1277 4566 1560 4627 [lizanum
1581 4566 1649 4616 cf.
1673 4564 1850 4618 salal.
1880 4562 2002 4617 Lm.
2035 4563 2239 4623 Paris..
2267 4567 2306 4619 l.
2331 4568 2396 4617 tn.
2431 4596 2436 4601 -
2502 4570 2570 4625 ,ῖὶῡ
2591 4566 2821 4620 iniracu-

342 4650 463 4704 lum
486 4650 617 4702 iuml
644 4647 853 4700 rettulit
875 4647 1207 4700 fortunatus
1242 4647 1299 4700 in
1323 4646 1447 4699 Vita
1470 4646 1679 4699 llilarii.
1714 4664 1759 4699 υ.
1784 4662 1875 4698 xn.
1897 4645 1933 4711 ἓ
1952 4646 2012 4698 41
2053 4647 2158 4707 ted.
2196 4647 2449 4701 Kauscu).
2475 4676 2536 4683 ---
2561 4648 2632 4709 (4)
2671 4648 2818 4709 ibid„

344 4750 391 4785 c.
416 4748 469 4795 ιι,
492 4734 527 4797 ξ
548 4734 583 4779 3
611 4728 719 4786 (ed.
748 4728 1000 4796 Κιωειιιι).

2987 3864 3024 3918 f.
3044 3866 3146 3919 30⁷.
