3557 5449
454 4172 489 4227 f.
515 4175 581 4229 1⁹.

746 417 897 493 236
1376 442 1792 496 (nameus
1839 403 2004 497 con.
2052 443 2396 498 mamea.
2446 445 2610 498 ur.
3516 1 3536 482 j

920 679 949 708 .
998 629 1135 695 Nos
1164 629 1277 714 qui
1296 634 1649 710 mercatur,
1668 633 2116 714 praedonibus
2143 633 2634 716 aequiparatur.
3523 489 3536 770 Ὗ

921 777 950 806 ,
996 727 1141 794 Has
1160 747 1411 811 quaeso
1438 729 1671 795 demas
1696 730 2004 813 precibus
2032 732 2328 812 pretiove
2355 731 2692 798 cathenae.
3533 771 3535 774 <

807 841 873 892 ‘m
920 877 949 905 ,,
994 825 1159 892 Sum
1185 826 1661 912 Transalpinas
1688 829 2048 912 populique
2075 829 2170 894 tui
2191 830 2531 912 genuinus.
2566 880 2595 909 ,

914 925 1022 990 Ad
1049 944 1279 990 vocem
1304 931 1535 992 notam
1564 927 1665 992 vir
1690 932 1960 995 sanctus
1981 927 2490 1011 compatriotam
2817 929 2960 1012 (36)

912 1023 1077 1090 Esse
1102 1043 1295 1089 suum
1318 1026 1560 1102 noscit;
1588 1031 1996 1110 quapropter
2022 1025 2278 1092 solvere
2295 1027 2510 1109 poscit

911 1124 1031 1200 Ac,
1052 1127 1130 1188 ut
1154 1123 1469 1202 solvatur,
1488 1125 1796 1208 precibus
1815 1125 2163 1208 pretioque
2179 1127 2511 1208 precatur.

908 1219 1099 1286 Tunc
1124 1221 1541 1304 importunus
1566 1224 1928 1288 contemnit
1953 1241 2104 1288 cum
2129 1241 2326 1306 prece
2347 1241 2608 1300 munna,
2815 1223 2956 1307 (37)

807 1333 873 1386 π
910 1319 1429 1404 Respiciensque
1448 1320 1625 1386 forae
1650 1325 1820 1386 nutu
1839 1325 2068 1387 monet
2087 1322 2464 1398 exteriores,

912 1417 997 1484 Et
1026 1418 1225 1484 miser
1244 1419 1577 1502 egreditur
1604 1421 1912 1486 manibus
1943 1421 2270 1504 virgisque
2297 1420 2546 1486 feritur.

910 1515 1061 1582 Nou
1090 1517 1219 1582 fert
1242 1517 1517 1584 ulterius
1544 1518 1901 1584 clamorem
1923 1519 2268 1601 presbyter
2294 1518 2509 1595 huim,
2818 1489 2958 1603 (38')

910 1615 1047 1682 Sed
1074 1619 1267 1699 rogat
1292 1616 1447 1682 inde
1465 1617 1649 1700 piam
1669 1617 1978 1700 precibus
2003 1617 2418 1700 lacrimisque
2440 1615 2740 1682 Mariam.

911 1714 1022 1779 Ad
1048 1715 1233 1780 cuius
1254 1715 1531 1780 verbum
1560 1715 1709 1781 ferit
1730 1715 1895 1780 ultio
1921 1715 2092 1780 mim
2111 1716 2472 1798 superbum
2815 1715 2957 1798 (39)

808 1827 873 1879 8⁰
913 1813 1173 1896 Perque
1203 1812 1458 1878 febrem
1478 1813 1768 1878 subitam
1797 1813 2016 1896 perdit
2043 1813 2242 1878 miser
2269 1813 2415 1878 ilico
2443 1813 2671 1878 vitam.

914 1911 1023 1978 Ad
1052 1911 1231 1994 quod
1260 1915 1663 1978 tormentum
1685 1917 1887 1996 pavet
1913 1911 2118 1994 impia
2135 1911 2334 1976 turba
2350 1911 2692 1987 clientum,
2817 1911 2956 1995 (40)

912 2010 998 2075 Et
1016 2010 1111 2076 sic
1138 2011 1431 2093 torqueri
1454 2013 1645 2076 timet
1671 2015 1742 2076 et
1760 2011 1900 2076 vita
1919 2011 2264 2077 removeri.

914 2107 1085 2192 Ergo
1110 2109 1482 2192 presbyteri
1502 2109 1786 2192 pedibus
1817 2111 2153 2192 prostrata
2172 2109 2383 2172 severi

916 2206 1129 2272 Offert
1146 2207 1530 2285 extinctum,
1552 2209 1880 2290 promittit
1907 2207 2162 2272 solvere
2190 2207 2500 2272 vinctum.

812 2319 877 2372 ω
912 2305 1267 2388 Presbyter
1292 2305 1541 2371 elatum
1562 2326 1715 2371 eum
1743 2309 2043 2371 cerneret
2070 2305 2539 2380 exanimatum,
2817 2304 2958 2388 (41)

919 2403 1287 2482 Condoluit,
1315 2403 1547 2470 timide
1576 2404 1717 2470 vice
1746 2423 1820 2469 se
1847 2403 2174 2468 damnans
2201 2403 2586 2468 homicidae.

916 2501 1069 2566 Ilico
1097 2502 1427 2585 proiectus
1455 2501 1675 2567 tundit
1702 2499 2074 2566 miserabile
2100 2503 2350 2583 pectus,

920 2599 1001 2664 Et
1025 2619 1205 2666 mors
1232 2601 1595 2666 extinctum
1624 2600 1915 2677 dimittit,
1936 2599 2279 2682 vinclaque
2299 2599 2612 2664 vinctum.

919 2697 1191 2765 Vincula
1208 2699 1453 2782 captivi
1473 2698 1772 2765 dissolvit
1799 2699 2072 2764 dextera
2092 2697 2242 2763 vivi.

815 2862 879 2914 ao
918 2846 1222 2913 Clemens
1250 2847 1436 2914 exilis
1464 2848 1685 2913 vultus
1715 2850 1862 2913 erat
1881 2852 1949 2913 et
1975 2846 2378 2923 monachilia,
2819 2842 3011 2929 (vm.
3033 2844 3147 2929 31)

918 2944 1047 3025 Qui
1074 2944 1367 3012 febribus
1392 2948 1651 3030 magnis
1670 2951 1950 3013 vexatus
1978 2950 2122 3011 erat
2149 2945 2360 3011 tribus
2388 2945 2613 3022 annis;

919 3042 1109 3109 Nunc
1136 3044 1547 3128 frigescebat,
1575 3064 1749 3110 nunc
1776 3046 1862 3110 de
1887 3044 2127 3109 sudore
2155 3044 2504 3121 madebat;

921 3142 1045 3208 Vix
1071 3144 1273 3209 etiam
1293 3144 1472 3209 nudo
1498 3144 1820 3227 parcebat
1845 3144 1907 3210 ei
1926 3142 2238 3208 valitudo.

922 3240 1226 3307 Edulium
1252 3242 1445 3324 panis
1464 3243 1741 3325 languor
1769 3242 2024 3307 vitabat
2053 3241 2265 3305 inanis

816 3354 883 3407 π
920 3340 1005 3405 Et
1029 3340 1442 3406 conditorum
1468 3341 1837 3406 vomitabat
1864 3340 2066 3405 odore
2096 3340 2412 3404 ciborum.

922 3438 1093 3505 Huic
1118 3457 1351 3505 omnes
1376 3439 1613 3505 medici
1640 3440 2065 3504 vehementer
2093 3442 2284 3503 erant
2306 3436 2548 3501 inimici

923 3537 1009 3603 Et
1034 3537 1257 3603 dulces
1274 3538 1519 3604 herbas
1546 3538 1863 3603 horrebat
1883 3537 2051 3601 sicut
2071 3536 2366 3601 acerbas,

926 3635 1051 3701 Hic
1076 3634 1171 3701 ita
1196 3636 1553 3701 damnatus
1575 3655 1694 3719 per
1722 3638 2082 3717 quartarios
2103 3634 2430 3699 cruciatus
2820 3631 2962 3715 (32)

926 3733 1159 3799 Fertur
1186 3733 1477 3816 pontiflci
1503 3733 1906 3817 ploransque
1934 3736 2122 3813 rogat
2147 3730 2482 3805 benedici;

796 3846 887 3899 100
926 3834 1019 3897 At
1045 3830 1305 3897 Domini
1332 3832 1523 3898 testis
1543 3831 1794 3915 pellens
1823 3829 2238 3895 incommoda
2258 3828 2464 3911 pestis
2821 3826 2962 3910 (33)

923 3931 1217 4013 Aegrum
1238 3931 1517 4007 sanavit,
1548 3930 1896 4012 subitoque
1924 3929 2126 4011 pedes
2155 3928 2492 3993 remeavit.

925 4076 1097 4142 Hinc
1125 4076 1513 4143 elefantinos
1540 4076 1706 4159 signi
1731 4075 2162 4141 medicamine
2189 4074 2380 4139 binos
2819 4072 3076 4154 (xxvl.
3090 4072 3233 4155 129)

924 4176 1141 4241 Orans
1156 4176 1407 4242 curavit
1440 4193 1798 4258 vocemque
1817 4178 2166 4257 cutemque
2193 4172 2480 4237 novavit.

928 4324 1095 4390 Cum
1122 4324 1217 4389 sic
1237 4316 1621 4405 magnificus
1649 4322 1890 4388 Christi
1921 4323 2182 4387 floreret
2201 4320 2470 4396 anucuS,
2819 4318 3016 4401 (xm.
3039 4320 3154 4403 55)

796 4438 887 4489 1oe
924 4423 1217 4488 Transiit
1236 4421 1571 4487 Andecavi
1596 4420 1862 4504 praesul
1889 4420 1974 4485 de
1991 4424 2204 4485 morte
2229 4418 2444 4495 suavi;

925 4520 1139 4599 Quem
1162 4520 1429 4604 planctu
1458 4519 1699 4585 celebri
1718 4518 2004 4584 tumulat
2030 4518 2292 4583 devotio
2311 4517 2490 4593 eleri;

925 4618 1217 4703 Postque
1245 4618 1653 4701 sepulturam
1674 4623 1945 4682 sumunt
1972 4617 2056 4683 de
2076 4616 2379 4699 praesule
2405 4634 2654 4681 curam.
2775 4615 2916 4699 (56)

829 4776 2852 4851 ’ῑωιιωιιψιῑήοίιη-πρνοηιίηὲπηιωηίποκνὶρωιωετᾶὶιι
