3557 5449
426 636 461 689 f.
485 637 595 690 112».

436 4650 472 4703 f.
498 4650 611 4703 121.

755 405 903 480 262
1382 429 1794 484 carnosus
1841 429 2002 484 con.
2055 425 2394 482 unomen.
2451 429 2610 480 mr.

756 619 1110 701 populari-«²,
1132 622 1324 701 pater
1365 619 1547 703 mi[t]
1560 618 1888 702 {tissimum
1905 619 2185 702 simplex
2205 619 2510 684 columba
2531 619 2832 691 Severus,
2875 625 3236 704 occupatus

758 717 1079 781 lanificiuli
1122 737 1322 799 opere
1364 737 1515 782 cum
1556 719 1825 800 propria
1863 737 2087 784 uxore.
2113 716 2413 800 Cumque
2455 719 2626 783 inter
2668 719 3000 801 carpendo
3039 719 3237 784 collo-

760 821 1035 898 quentes
1066 815 1514 882 fabularentur
1542 816 1629 882 ad
1657 817 1936 882 invicem
1964 819 2045 881 de
2086 817 2325 881 civium
2351 816 2750 894 collectione,
2778 818 2874 882 ait
2902 817 2990 882 ad
3017 819 3234 882 coniu-

757 935 909 998 gem
950 919 1216 979 sanctus
1254 915 1353 978 vir
1381 937 1397 979 ε
1434 921 1459 948 ‘¹
1496 914 1753 980 Vadam
1797 918 1864 979 et
1893 913 2128 980 videbo
2157 915 2315 998 quid
2340 916 2466 980 sibi
2492 917 2560 979 in
2601 915 2900 998 eligendo
2926 916 3237 999 episcopo

765 1065 791 1093 „
838 1013 994 1078 velit
1020 1013 1187 1077 haec
1214 1012 1505 1077 collectio
1532 1013 1986 1078 multitudinis.
2023 1062 2050 1090 ,
2085 1013 2206 1078 Cui
2235 1013 2440 1078 fertur
2481 1014 2724 1079 dixisse
2752 1034 2918 1079 uxor
2947 1036 2964 1078 ε
3000 1021 3029 1049 ⁸
3063 1013 3236 1079 Sede
3269 1031 3304 1083 5

764 1162 791 1190 ,
839 1113 907 1176 in
934 1112 1075 1177 loco
1111 1115 1247 1188 tuo,
1276 1129 1519 1194 perage
1546 1111 1980 1177 ministerium
2009 1115 2216 1188 tuum,
2243 1112 2486 1193 perfice
2513 1117 2820 1194 coeptum
2849 1117 3057 1179 tuum.
3083 1112 3232 1179 Non

764 1257 791 1290 „
838 1214 939 1275 est
980 1213 1167 1275 tuum
1210 1209 1317 1273 illo
1360 1211 1659 1288 transire,
1706 1210 2017 1292 quoniam
2059 1210 2312 1292 absque
2353 1209 2618 1274 consilio
2658 1215 2774 1274 tuo
2813 1210 3037 1292 populi
3079 1206 3235 1276 deli-

763 1357 790 1385 „
839 1307 1093 1372 beratio
1122 1307 1600 1372 terminabitur.
1636 1357 1665 1386 ,
1691 1307 1800 1371 Ad
1821 1325 2022 1390 quam
2042 1307 2230 1389 ipse:
2265 1312 2292 1339 ‘⁶
2325 1306 2454 1370 Pro
2482 1311 2662 1372 certo
2692 1306 2956 1372 vadam.
2992 1356 3021 1385 ,
3051 1309 3238 1387 'Iunc

754 1408 902 1490 ipsa
940 1407 1158 1488 coepit
1184 1406 1609 1470 vehementer
1648 1405 1949 1470 insistere
1993 1409 2066 1470 ut
2107 1424 2242 1469 non
2269 1406 2412 1480 iret,
2442 1405 2665 1470 dicens
2693 1406 2752 1470 ei
2783 1427 2800 1468 ι
2850 1413 2877 1440 ‘⁸
2917 1406 3050 1472 Cur
3084 1406 3237 1470 sub-

764 1557 793 1584 ,
839 1504 1048 1570 trahis
1076 1504 1309 1569 horam
1336 1504 1673 1568 laboribus
1700 1504 1850 1578 tuis,
1882 1519 2031 1568 cum
2059 1504 2498 1569 certissimum
2525 1504 2912 1584 habeamuS,
2943 1506 3142 1597 quod,
3184 1504 3238 1568 si
3275 1515 3332 1572 ιο

765 1655 792 1683 ,
842 1604 991 1668 ieris
1020 1603 1125 1667 vel
1152 1622 1284 1666 non
1325 1603 1496 1681 ieris,
1525 1607 1593 1667 te
1620 1602 2000 1684 pontificem
2043 1621 2178 1666 non
2218 1607 2484 1684 expetet
2527 1603 2754 1677 clerus
2794 1602 3132 1668 doctorem
3171 1605 3240 1667 te

768 1753 793 1782 ‚,
840 1702 1123 1785 populus
1144 1720 1277 1765 non
1296 1701 1612 1766 habebit?
1642 1749 1668 1778 ,,
1702 1698 1796 1766 At
1821 1700 1926 1765 ille
1953 1699 2220 1765 consilio
2247 1701 2470 1765 uxoris
2497 1702 2714 1766 minus
2749 1701 3064 1766 obediens
3091 1718 3241 1784 per-

758 1800 932 1866 rexit
958 1800 1047 1864 ad
1076 1799 1417 1865 ecclesiam
1446 1803 1513 1864 et
1550 1813 1673 1882 pro
1712 1799 1996 1864 vestium
2037 1799 2288 1863 vilitate
2330 1803 2530 1888 atque
2564 1799 2980 1882 squaloribus
3005 1818 3080 1864 se
3107 1817 3240 1864 non

758 1898 1033 1964 inseruit
1072 1897 1333 1980 populo,
1362 1897 1483 1962 sed
1514 1899 1786 1962 obtutus
1827 1896 2264 1962 multitudinis
2305 1897 2692 1962 declinando
2735 1902 2889 1980 post
2927 1897 3238 1962 ecclesiae

761 1999 935 2062 fores
965 1997 1152 2078 quasi
1173 1995 1440 2060 latitans
1458 1995 1742 2061 occuluit
1762 2014 1928 2060 sese,
1948 1994 2084 2060 Sed
2103 2001 2339 2078 coepta
2359 1995 2468 2060 via
2487 1996 2800 2078 pergendi
2821 1995 2988 2072 illuc,
3009 1989 3242 2060 mulier
3277 2009 3335 2072 15

762 2094 1139 2161 contectalis
1168 2095 1307 2158 eius
1335 2093 1644 2176 hyronice
1672 2093 2006 2159 clamabat
2026 2097 2179 2176 post
2207 2106 2358 2158 eum
2387 2114 2406 2157 ε
2443 2099 2470 2126 ‘⁸
2508 2092 2689 2158 Vade
2719 2093 3012 2170 festinus,
3040 2107 3242 2176 perge

772 2246 799 2274 ,
846 2193 1115 2270 concite,
1144 2210 1331 2257 curre
1372 2192 1697 2270 velociter,
1726 2193 1940 2258 omnis
1982 2196 2050 2258 te
2093 2195 2399 2273 expectat
2438 2191 2742 2274 populus.
2781 2191 2956 2269 Quid
2995 2192 3052 2256 si
3092 2200 3242 2275 per·-

771 2342 798 2371 ,
845 2292 1091 2357 rexer1s
1120 2290 1309 2370 celer,
1338 2291 1565 2356 statim
1591 2295 1659 2356 te
1678 2289 2054 2374 praesulem
2081 2290 2500 2355 ordinabunt.
2536 2340 2565 2367 „

847 2389 1247 2456 Cunctorum
1289 2389 1485 2472 igitur
1524 2393 1936 2455 sacratorum
1976 2388 2282 2454 ordinum
2323 2407 2402 2453 ac
2439 2388 2854 2471 popularium
2898 2388 3240 2454 orantibus

766 2488 1119 2554 coetibus...
3277 2509 3338 2561 ιο

832 2635 1096 2688 Narratur
1110 2649 1275 2701 porro
1299 2633 1496 2689 electio
1518 2634 1705 2688 Severi
1720 2635 1780 2688 in
1802 2633 2121 2702 episcopum
2147 2633 2530 2687 Ravennatem
2555 2633 2644 2695 (ct.
2669 2624 2842 2687 BHL.
2869 2634 3017 2696 7683.
3039 2634 3074 2702 5
3097 2637 3147 2699 6,
3168 2637 3238 2698 7).

766 2728 955 2790 Monet
974 2738 1163 2789 autem
1184 2734 1417 2802 scriptor
1438 2740 1502 2788 ut
1523 2750 1692 2788 nemo
1715 2732 2075 2788 conturbetur
2103 2733 2254 2802 quod
2277 2734 2514 2787 Severus
2538 2734 2860 2800 coniuyatus
2891 2739 2942 2786 et
2957 2727 3247 2801 populari·

768 2834 954 2902 suerit,
972 2832 1399 2900 exemplumque
1424 2832 1648 2887 adducit
1664 2831 1898 2899 Philippi
1923 2832 2158 2899 apostoli
2173 2835 2230 2885 et
2247 2830 2486 2885 filiarum
2505 2830 2623 2885 eius
2639 2851 2654 2893 ;
2669 2846 2782 2899 quo
2799 2830 2925 2885 loco
2943 2832 3247 2887 afferuntur

770 2926 1065 2985 potimus
1103 2930 1371 2996 episcopus
1406 2928 1602 2997 Ephesi
1642 2926 1842 2987 Victori
1873 2932 2108 2997 episcopo
2147 2928 2298 2983 urbis
2335 2928 2537 2983 Romae
2573 2928 2804 2982 scribens
2847 2929 2936 2991 (cf.
2973 2930 3243 2993 Eanum,

771 3028 847 3083 Η.
874 3028 943 3083 Ε.
969 3043 1042 3081 m.
1066 3028 1220 3089 31)
1238 3026 1340 3083 Soa
1361 3033 1411 3081 el
1434 3026 1605 3084 Gaius
1626 3030 1689 3082 in
1720 3028 1936 3095 dialogo
1955 3042 2055 3081 suo
2089 3042 2213 3081 cum
2247 3025 2482 3081 Proculo
2503 3026 2594 3089 (cf.
2615 3026 2786 3087 ibid).
2810 3026 2945 3079 Inde
2967 3026 3138 3080 refert
3173 3028 3243 3082 de
3277 3035 3341 3086 25

768 3128 935 3183 rebus
952 3126 1024 3180 ab
1047 3125 1181 3180 Ario
1203 3130 1329 3193 post
1349 3126 1643 3180 concilium
1668 3126 1970 3181 Nicaenum
1993 3126 2173 3193 gestis,
2195 3125 2264 3179 de
2285 3124 2670 3193 persecutione
2693 3141 2728 3178 a
2751 3124 3070 3180 Constantio
3089 3140 3245 3179 com-

768 3229 941 3286 mota,
961 3222 1031 3277 de
1053 3224 1105 3276 S.
1140 3224 1440 3279 Athanasio
1462 3224 1551 3286 (de
1570 3240 1685 3293 quo
1716 3224 1794 3278 ita
1815 3228 2022 3285 noster,
2055 3224 2149 3277 fol.
2185 3224 2315 3277 lmt
2337 3238 2476 3289 quae
2505 3223 2734 3289 pleniter
2763 3224 2900 3276 scire
2933 3225 3034 3289 qui
3065 3226 3234 3290 cupit,

768 3322 1061 3379 Eusebium
1082 3322 1221 3389 legat
1244 3321 1631 3377 (amrinum
1651 3328 1704 3375 el
1722 3322 2025 3377 Historiam
2049 3322 2413 3389 tripertitam),
2435 3321 2504 3374 de
2532 3320 2764 3375 concilio
2787 3320 3102 3374 San-dicensi
3125 3320 3245 3384 (ubi

768 3424 914 3478 inter
952 3421 1075 3483 alia,
1109 3420 1202 3474 fol.
1243 3421 1363 3474 Ιώ*
1400 3440 1414 3475 z
1457 3418 1605 3475 laem
1643 3422 1806 3475 eliam
1849 3418 2188 3474 moder-itus
2219 3418 2384 3487 refert
2419 3419 2483 3471 in
2521 3419 2660 3472 libro
2695 3424 2894 3484 quarto
2930 3417 3252 3485 bipertitae

769 3522 1087 3585 Historiae„
1111 3538 1179 3576 ex
1204 3538 1314 3590 qua
1335 3520 1648 3575 narratione
1671 3518 1763 3573 hic
1778 3519 1936 3573 locus
1951 3517 2342 3572 exscribendus
2363 3516 2591 3571 videtur.
3281 3524 3340 3575 ω

853 3661 1021 3726 Huic
1056 3661 1255 3726 etiam
1296 3658 1563 3726 concilio
1594 3657 1974 3723 Prothasius
2002 3656 2502 3722 mediolanensis
2530 3655 2830 3737 Liguriae
2873 3656 3246 3722 interfuisse

770 3760 1144 3837 dinoscitur,
1172 3760 1353 3825 cuius
1396 3759 1599 3823 etiam
1638 3756 2130 3838 su<b>scriptio
2173 3753 2505 3837 synodalis
2534 3757 2686 3836 post
2713 3754 2923 3836 patris
2965 3755 3252 3820 subscri-

767 3860 1061 3941 ptionem
1083 3857 1307 3923 Severi
1328 3872 1537 3939 usque
1558 3856 1647 3921 ad
1666 3872 1982 3938 praesens
2003 3854 2070 3917 in
2092 3853 2548 3917 vetustissimis
2571 3856 2640 3916 et
2660 3852 3029 3917 novissimis
3052 3872 3249 3917 cano-

768 3958 963 4023 nibus
1010 3955 1509 4021 occidentalium
1558 3954 1737 4037 apud
1778 3953 2060 4018 eandem
2115 3950 2441 4035 synodum
2497 3949 2950 4015 Serdicensem
2999 3950 3249 4017 inserta

769 4055 1275 4139 cognoscit<ur>
1302 4053 1389 4118 ad
1430 4052 1878 4117 confusionem
1906 4051 2232 4133 Ligurum,
2262 4049 2374 4132 qui
2413 4052 2653 4131 putant
2678 4049 2993 4114 iactantia
3021 4048 3243 4132 potius
3281 4072 3338 4124 ³5

770 4172 973 4239 quam
1022 4174 1101 4219 ex
1153 4172 1305 4218 vero
1347 4150 1858 4217 Ambrosianum
1907 4150 2135 4213 sedem
2183 4148 2624 4230 Apollinariae
2673 4147 3000 4212 anteferri.
3053 4146 3245 4213 Unde

765 4251 1103 4329 hactenuS,
1146 4268 1561 4334 quocumque
1614 4248 2030 4324 conveniunt,
2084 4247 2230 4311 lites
2279 4247 2567 4312 excitant
2617 4250 2683 4310 et
2727 4265 2996 4321 erroreS,
3046 4250 3115 4310 et
3160 4248 3246 4312 ad

766 4352 1120 4418 ludibrium
1170 4350 1271 4414 sui
1318 4348 1627 4413 antistitis
1670 4346 1830 4412 talia
1877 4348 2310 4421 commovent,
2341 4344 2580 4426 quibus
2623 4350 2739 4410 aut
2786 4345 2929 4425 ipse
2979 4346 3250 4410 recedat

768 4450 1024 4532 synodo
1060 4452 1175 4513 aut
1216 4466 1417 4529 supra
1444 4446 1649 4528 pedes
1676 4447 1744 4509 in
1784 4445 1983 4509 choro
2025 4444 2336 4525 synodico
2369 4443 2628 4524 hucque
2656 4446 2930 4530 vagetur
2971 4447 3038 4507 et
3077 4443 3247 4509 illuc.

764 4550 847 4617 Et
886 4549 1010 4613 hoc
1038 4548 1151 4631 qui
1196 4546 1449 4629 plenius
1478 4560 1713 4627 sapere
1756 4544 2030 4625 quaerit,
2058 4542 2366 4606 historias
2409 4545 2476 4604 et
2503 4541 2840 4622 privilegia
2866 4542 3248 4623 praesulum
3281 4564 3338 4613 ιο

776 4651 786 4731 Ι
824 4647 1070 4729 relegat
1112 4646 1577 4711 Ravennatum
1618 4646 1819 4724 atque
1877 4640 2223 4723 registrum
2265 4639 2556 4720 Gregorii
2608 4638 2836 4714 sancti,
2887 4644 2954 4702 et
2999 4638 3248 4721 liquido

768 4746 1021 4831 patebit
1076 4745 1135 4810 ei
1194 4744 1430 4826 quibus
1488 4740 1843 4807 honoribus
1897 4739 2362 4803 Ravennatum
2419 4736 2721 4819 praedita
2780 4736 2974 4801 fuerit
3028 4738 3245 4804 sedes.
