3557 5449
1017 429 1172 489 xm·
1221 437 1312 488 ετ
1361 429 1516 490 xiv⁸
1563 419 1829 490 smum.
2505 415 2655 488 443

265 535 288 578 i

166 643 354 707 gram
388 622 661 707 perfecit
701 642 856 688 cum
895 622 1042 689 aliis
1083 622 1464 707 peregrinis.
1501 623 1618 689 Die
1642 643 1803 690 vero
1830 624 2031 690 tertia
2068 624 2157 690 ad
2192 624 2557 701 ecclesiam,
2586 625 2654 689 in

169 742 302 804 qua
348 741 586 806 corpus
632 723 830 789 beate
877 723 1102 805 regine
1159 723 1560 790 tumulatum
1611 723 1916 800 habetur,
1967 722 2273 789 alacriter
2334 724 2655 806 pervenit.

167 819 394 905 Ibique
415 821 554 886 Deo
581 822 830 904 gratias
851 840 1078 904 agens
1075 825 1146 886 et
1167 820 1554 887 miraculum
1575 841 1698 887 sue
1716 821 2030 888 citissime
2050 821 2409 888 curationis
2426 821 2653 905 palam

165 919 468 998 recitans,
507 921 810 1002 promisit
855 921 1054 986 beate
1096 920 1492 1004 Radegundi
1531 921 1712 1004 quod
1759 921 1903 986 eius
1944 919 2385 1003 sepulchrum,
2430 920 2653 1004 quoad

97 1039 130 1089 5
165 1018 434 1093 viveret,
457 1018 708 1084 semel
687 1037 756 1083 in
789 1035 968 1084 anno
987 1018 1306 1085 visitaret
1341 1017 1536 1098 Quod
1561 1023 1793 1084 nostro
1814 1025 2116 1102 tempore
2142 1018 2439 1085 fideliter:
2442 1019 2655 1084 adim-.-

162 1114 385 1198 plevit,
427 1135 652 1182 secum
685 1117 1088 1184 letabundus
1117 1117 1457 1184 adducens
1489 1121 1831 1183 catervam
1860 1137 1998 1184 non
2039 1111 2371 1183 modicam
2410 1117 2655 1182 vicino-

163 1235 332 1280 rum.
361 1215 542 1280 Felix
579 1216 828 1298 regina,
867 1215 1091 1282 beata
1111 1215 1402 1294 domina,
1445 1219 1575 1298 que
1625 1219 1766 1282 tam
1815 1215 2345 1294 misericorditer,
2378 1218 2654 1298 tamque

165 1313 433 1379 feliciter
487 1313 762 1380 infirmis
823 1317 897 1379 te
911 1315 935 1354 ¹
983 1315 1225 1381 devote
1265 1314 1688 1398 poscentibus
1746 1315 1991 1397 prebes
2036 1313 2515 1380 inextimabilia
2584 1319 2653 1378 et

161 1391 628 1478 inenarrabilia
657 1429 939 1479 munera
977 1413 1302 1480 sanitatis,
1345 1412 1644 1482 Gloriosa
1681 1413 1979 1490 domina,
2024 1432 2155 1496 que
2200 1409 2536 1478 extraneis
2582 1416 2652 1478 et

95 1530 126 1582 o
161 1511 432 1578 remotis
471 1515 541 1577 te
585 1512 1032 1595 propinquam
1077 1512 1570 1596 propitiamque
1619 1511 1913 1588 exhibes,
1957 1515 2107 1577 tuos
2154 1511 2453 1577 servulos
2498 1511 2652 1577 licet

159 1610 460 1693 indignos
497 1613 612 1675 tuo
630 1610 1036 1692 ‚assistentes
1055 1609 1378 1696 obsequio
1399 1613 1598 1693 teque
1625 1609 2002 1693 frequenter
2028 1609 2393 1687 visitantes,
2416 1629 2652 1693 quam-

157 1709 260 1773 vis
279 1708 528 1792 polluto
555 1709 846 1792 peccatis
877 1727 1194 1792 corpore,
1211 1712 1439 1774 tamen
1467 1709 1709 1774 devoto
1731 1709 1976 1785 animo,
2006 1727 2127 1774 nos
2156 1707 2428 1791 dignare
2456 1707 2650 1774 solita

158 1807 563 1892 benignitate
611 1805 680 1875 a‘
695 1808 948 1875 cunctis
993 1808 1236 1874 mentis
1257 1797 1348 1874 'et
1387 1809 1680 1892 corporis
1723 1807 2241 1874 adversitatibus
2278 1811 2647 1891 protegere,

157 1905 637 1990 languoresque
675 1911 1056 1974 nostrorum
1097 1907 1446 1975 criminum
1477 1906 1787 1973 unctione
1826 1911 1943 1973 tue
1989 1906 2436 1973 misericordie
2476 1907 2652 1973 miti-

95 2023 120 2074 5
157 2024 337 2088 gare,
365 2010 442 2072 ut
481 2007 570 2071 ab
609 2006 912 2072 hostibus
937 2006 1313 2074 carnalibus
1341 2009 1410 2072 et
1449 2005 1918 2089 spiritualibus,
1950 2005 2064 2089 qui
2090 2005 2314 2082 fortes,
2350 2005 2541 2070 multi
2580 2011 2650 2072 et

159 2103 458 2171 crudeles
485 2103 824 2170 visibiliter
843 2109 914 2170 et
943 2105 1356 2171 invisibiliter
1381 2105 1618 2188 iugiter
1641 2124 1766 2170 nos
1792 2103 2107 2170 infestare
2137 2107 2468 2187 satagunt,
2487 2103 2647 2170 libe·

159 2223 334 2280 rare,
373 2209 450 2268 ut
489 2206 608 2269 tuo
645 2203 1012 2316 patrocinio
1056 2203 1201 2271 fulti
1229 2207 1297 2270 te
1323 2203 1609 2288 diligere,
1653 2208 1722 2269 te
1745 2203 2023 2270 laudare
2062 2203 2316 2288 tibique
2356 2203 2551 2286 digne
2578 2209 2647 2270 et

157 2301 577 2368 laudabiliter
615 2303 862 2368 servire
891 2301 1283 2370 valeamus'
1263 2321 1333 2368 in
1363 2303 1716 2368 sanctitate
1747 2305 1815 2367 et
1850 2301 2101 2368 iustitia
2126 2301 2377 2368 cunctis
2410 2302 2643 2368 diebus
2692 2317 2773 2373 cr.
2787 2316 2919 2373 Lac.
2940 2317 3066 2380 1‚·1·.·›

156 2401 294 2466 vite
313 2404 558 2478 nostre,
577 2405 668 2478 et,
707 2405 778 2466 te
803 2401 1191 2484 opitulante,
1221 2419 1598 2468 mereamur
1625 2401 1909 2483 gratiam
1928 2401 2275 2467 obtinere
2254 2421 2325 2466 in
2350 2402 2643 2484 presenti

95 2515 116 2566 i
159 2503 232 2566 et
257 2499 578 2582 gloriam
557 2519 628 2564 in
647 2499 889 2566 futuro.

241 2605 312 2664 9.
357 2597 554 2664 Anno
597 2598 858 2664 Domini
903 2599 1250 2665 millesimo
1298 2598 1750 2665 ducentesimo
1792 2597 2205 2681 sexagesimo
2252 2601 2507 2672 octavo,
2536 2597 2641 2662 die

150 2697 416 2764 sabbati
443 2701 596 2781 post
619 2698 896 2765 octabas
923 2699 1408 2782 penthecostes,
1436 2697 1673 2765 Petrus
1700 2698 1787 2764 de
1808 2697 2155 2774 Vilaribus,
2178 2695 2263 2762 de
2290 2695 2639 2781 parrochia

147 2796 378 2862 Sancti
408 2796 716 2862 Iohannis
756 2798 842 2863 de
883 2796 1238 2864 Nantholio
1263 2798 1384 2882 (1),
1423 2797 1832 2863 Pictavensis
1859 2796 2177 2880 dyocesis,
2220 2794 2635 2861 Guillelmum

149 2895 354 2960 filium
421 2911 618 2962 suum
679 2895 1170 2963 adolescentem
1229 2916 1380 2963 cum
1419 2896 1787 2979 gratiarum
1834 2896 2093 2961 actione
2142 2894 2233 2961 ad
2298 2894 2643 2959 ecclesiam

97 3008 108 3055 5
149 2994 350 3059 beate
372 2993 799 3077 Radegundis
826 2994 1126 3073 adduxit,
1155 2995 1270 3079 qui
1287 3014 1410 3079 per
1437 3014 1688 3060 annum
1715 2996 1977 3077 guttam
2004 3012 2243 3077 passus
2263 2994 2643 3059 incurvatus

149 3092 483 3170 extiterat,
503 3092 600 3157 ita
619 3093 799 3176 quod
816 3112 942 3159 nec
965 3112 1042 3159 se
1060 3093 1334 3177 erigere,
1357 3111 1482 3159 nec
1507 3093 1714 3159 etiam
1739 3111 2017 3157 manum
2034 3091 2391 3157 extendere
2408 3094 2646 3174 potue-

145 3194 286 3269 ταις
327 3190 504 3257 facta
527 3191 828 3257 oratione
861 3195 933 3257 et
969 3196 1128 3257 voto
1162 3191 1471 3259 veniendi
1511 3191 1602 3257 ad
1639 3190 2065 3273 sepulchrum
2110 3190 2310 3256 beate
2352 3188 2637 3266 dominc,

147 3308 356 3354 sanus
381 3288 674 3365 effectus,
708 3288 896 3355 fortis
921 3284 992 3355 et
1015 3290 1188 3356 letus
1216 3290 1416 3367 venit,
1444 3289 1728 3356 multum
1768 3307 2037 3355 cereum
2059 3288 2318 3365 obtulit,
2348 3290 2417 3353 et
2444 3288 2646 3353 mira-

153 3386 377 3453 culum
403 3406 630 3453 coram
657 3387 882 3453 multis
909 3387 1232 3455 recitavit.

97 3503 110 3549 ι
245 3492 362 3550 10.
409 3484 660 3551 Eodem
715 3504 892 3551 anno
933 3486 1234 3553 Iohanna
1281 3486 1368 3552 de
1413 3484 1843 3563 Bellomonte,
1891 3485 1977 3551 de
2022 3483 2375 3567 parrochia
2418 3482 2647 3549 Sancti

154 3582 558 3649 Ventriniani
580 3582 698 3667 (2),
716 3583 930 3667 yliaca
949 3584 1260 3667 passione
1279 3603 1401 3668 per
1419 3583 1588 3650 duos
1607 3602 1821 3649 annos
1844 3586 2090 3649 vexata
2110 3582 2327 3649 fuerat
2348 3582 2447 3648 ita
2466 3582 2647 3665 quod

157 3681 466 3747 continue
493 3681 840 3748 incurvata
865 3682 1090 3749 iacens
1133 3682 1384 3766 erigere
1424 3702 1499 3748 se
1523 3701 1660 3747 non
1683 3686 1971 3765 poterat.
2012 3680 2159 3761 Que
2198 3680 2359 3747 dum
2398 3680 2647 3764 gravis-

148 3782 320 3847 sime
360 3784 800 3864 torqueretur,
829 3784 898 3846 et
940 3780 1051 3846 vix
1079 3800 1122 3847 a
1163 3781 1742 3847 circumstantibus
1765 3799 1890 3863 pre
1921 3779 2169 3847 doloris
2196 3779 2648 3862 magnitudine

153 3881 516 3955 teneretur,
555 3878 862 3962 promisit
901 3878 1284 3946 exclamans
1323 3878 1504 3963 quod
1531 3877 1955 3961 sepulchrum
1994 3880 2193 3945 beate
2220 3876 2649 3961 Radegundis

99 3991 108 4037 ι
150 3976 476 4045 visitaret.
501 3975 746 4043 Statim
785 3996 1082 4061 surgens,
1111 3978 1364 4044 cunctis
1391 3977 1504 4061 qui
1535 3977 1819 4043 aderant
1846 3978 2289 4062 stupentibus,
2320 3976 2449 4043 iter
2480 3975 2648 4043 arri-

225 4212 1382 4284 8.—¹iuBcoe·i·.,seA,Bsnucor-r.

221 4445 298 4507 (1)
329 4443 916 4511 Habuit-*Vallem
951 4445 1112 4501 che-l.
1157 4445 1232 4501 de
1261 4460 1486 4509 comni„
1517 4450 1666 4501 cant.
1704 4450 1764 4500 st
1805 4460 1915 4500 arr.
1952 4444 2026 4501 de
2072 4444 2271 4501 Rufl'ec
2310 4444 2653 4509 (Charonte).

150 4524 446 4582 Anicium·
465 4527 682 4597 abbaye
701 4526 1065 4592 benedictino.
1085 4526 1287 4583 tondeo
1317 4542 1422 4593 par
1440 4525 2371 4596 Charlcmagns(Ga11.clirist.,11,
2396 4528 2563 4591 nos).
2586 4554 2651 4566 —

147 4608 230 4671 (Ξ)
279 4607 798 4675 Salat-Victuram,
849 4610 1004 4665 eiii-1.
1039 4609 1112 4664 de
1149 4624 1373 4674 comm„
1413 4614 1560 4663 cant.
1591 4610 1662 4665 de
1699 4608 2103 4673 saint-lanian.
2158 4624 2269 4665 arr.
2306 4609 2381 4664 de
2428 4608 2655 4665 Rache-

147 4688 397 4744 chon-rt
429 4690 912 4755 (Esau-vianne).
943 4692 1085 4747 Lien
1117 4694 1193 4747 ou
1225 4708 1261 4746 a
1297 4694 1390 4746 ὁιό
1419 4691 1652 4747 innume
1683 4691 1837 4747 saint
1868 4690 2190 4748 victui-nien
2220 4707 2299 4747 ou
2330 4690 2655 4756 Vei-mnino,

159 4768 1402 4843 meqnivivaitpout-Oboanvl·
1421 4772 1740 4829 oneum·
1755 4772 1943 4831 siecle.
