3557 5449
788 406 945 479 444
1406 424 1759 479 umens
1807 414 1898 477 nr
1947 422 2198 477 sam-rs
2247 422 2674 476 moranum:

788 615 957 699 puit,
984 617 1055 681 et
1092 632 1137 679 a
1176 612 1284 679 die
1332 613 1497 679 iovis
1522 632 1737 697 usque
1776 600 1868 687 ad
1907 612 2144 679 horam
2171 610 2458 695 primam
2485 611 2585 695 (1)
2609 611 2914 702 proximo
2943 610 3292 695 sequentis

790 714 1057 779 sabbati
1104 712 1505 797 promissum
1546 710 1862 827 implevit,
1897 712 2290 791 miraculum
2329 710 2652 787 recitavit,
2695 729 2776 776 ac
2803 709 3157 777 incolumis
3199 710 3290 776 ad

790 812 1068 896 propria
1088 812 1431 879 remeavit.

880 919 921 976 1
936 918 1005 975 1.
1052 912 1249 977 Anno
1278 910 1517 977 eodem
1544 910 1862 993 magister
1888 909 2208 977 Girardus
2229 908 2315 974 de
2335 906 2568 974 Piolan
2591 908 2712 992 (2),
2739 907 3014 973 clericus
3039 906 3289 972 nobilis

790 1013 862 1077 et
894 1010 1187 1075 famosus
1214 1010 1301 1077 de
1328 1008 1650 1075 Amberia
1667 1008 2122 1093 (3)·oriundus,
2149 1007 2240 1073 ad
2267 1006 2609 1073 ecclesiam
2637 1007 2834 1073 beate
2851 1004 3292 1089 Radegundis
3325 1024 3360 1079 5

790 1109 1083 1185 veniens,
1123 1108 1504 1193 gratiasque
1544 1106 1687 1173 Deo
1728 1111 1799 1174 et
1835 1106 2034 1173 beate
2073 1106 2298 1189 regine
2329 1104 2644 1184 referens,
2683 1106 3024 1171 fatebatur
3057 1104 3290 1187 palam

791 1206 1015 1273 multis
1034 1206 1409 1273 astantibus
1437 1206 1636 1291 quod,
1666 1224 1818 1271 cum
1845 1210 2006 1289 gnta
2025 1204 2304 1271 menbra
2338 1204 2478 1271 eius
2499 1204 2724 1270 omnia
2749 1204 3198 1269 contraxisset
3219 1204 3292 1267 et

792 1304 879 1371 de
902 1304 1117 1372 salute
1135 1305 1429 1389 corporis
1454 1304 1723 1389 penitus
1742 1304 2150 1388 desperaret,
2170 1322 2370 1387 opem
2389 1304 2588 1369 beate
2606 1302 3036 1386 Radegundis
3056 1306 3292 1386 postu-

790 1403 957 1481 lanS,
974 1403 1280 1488 protinus
1306 1403 1635 1487 integram
1664 1402 1950 1469 salutem
1975 1402 2262 1486 adeptus
2289 1405 2412 1468 est.

872 1508 1001 1568 12.
1048 1504 1245 1567 Anno
1272 1500 1533 1567 Domini
1561 1513 1655 1567 1⁰.
1676 1516 1805 1567 ατο.
1827 1512 1958 1567 nx0.
1977 1519 2174 1579 nono,
2203 1502 2272 1566 in
2299 1500 2556 1567 octabis
2595 1500 2932 1591 dominice,
2963 1500 3290 1567 Resurre-
3329 1514 3388 1567 ιο

790 1600 1043 1680 ctionis,
1073 1602 1361 1686 quedam
1408 1600 1643 1667 mulier
1696 1600 1784 1667 de
1829 1600 2112 1685 Rupella
2137 1600 2255 1685 (4),
2313 1600 2740 1683 Radegundis
2781 1600 3072 1677 nomine,
3116 1618 3292 1665 uxor

795 1699 1113 1766 Gnidonis
1138 1700 1295 1767 dicti
1318 1700 1625 1775 Brimnis,
1648 1718 1693 1765 a
1711 1700 1882 1765 festo
1906 1699 2094 1765 beati
2109 1698 2444 1765 Michaelis
2469 1718 2682 1783 usque
2709 1699 2800 1765 ad
2825 1698 3048 1764 diem
3025 1699 3202 1764 iovis
3221 1700 3292 1762 in

792 1798 1047 1865 octabis
1072 1798 1339 1882 pasche,
1366 1798 1667 1865 dolorem
1708 1796 2058 1864 arteticum
2090 1797 2235 1882 (5)
2217 1818 2288 1863 ιιι
2317 1802 2599 1880 utroque
2631 1798 2804 1881 pede
2829 1816 3174 1881 perpessa,
3203 1796 3292 1861 de

794 1898 1009 1964 salute
1048 1916 1173 1967 sua
1200 1898 1391 1981 quasi
1430 1897 1807 1981 desperata,
1849 1897 1990 1963 viro
2032 1916 2153 1963 suo
2181 1896 2406 1963 dixit.
2452 1896 2820 1976 ‘Domine,
2851 1895 3288 1980 Radegundis

804 1997 1201 2077 ,nominor‚
1228 1996 1387 2063 etin
1414 1996 1586 2063 festo
1612 1998 1812 2063 beate
1837 1995 2266 2079 Radegundis
2285 1999 2449 2061 nata
2479 1994 2594 2073 fui,
2625 2015 2756 2080 que
2781 1996 2986 2061 beata
3011 1994 3290 2061 domina
3323 2008 3380 2059 15

802 2144 831 2175 ‚
878 2096 1219 2162 consuevit
1258 2114 1303 2161 a
1342 2098 1504 2179 guta
1542 2114 1617 2161 se
1658 2094 1942 2161 fideliter
1973 2094 2356 2161 invocantes
2393 2094 2696 2161 liberare.
2731 2094 3204 2179 Deprecemur,
3231 2094 3288 2160 si

802 2242 831 2272 ,
875 2193 1112 2278 placet,
1155 2194 1393 2277 ipsam,
1433 2198 1503 2260 et
1546 2193 2016 2278 promittamus
2057 2193 2236 2277 quod
2277 2194 2418 2259 eius
2459 2192 2804 2259 ecclesiam
2843 2192 3285 2268 visitabimus,

800 2343 827 2371 ,.
876 2310 1081 2376 quam
1106 2292 1237 2357 cito
1278 2292 1561 2359 facultas
1604 2292 1802 2358 fuerit
1841 2292 2040 2358 michi
2065 2310 2188 2375 per
2227 2292 2368 2358 eius
2409 2292 2652 2358 merita
2675 2310 2720 2358 a
2759 2291 3044 2357 Domino
3070 2292 3287 2375 impe-

799 2439 828 2470 ,
876 2394 1075 2457 trata.
1111 2440 1139 2469 ,
1173 2390 1289 2457 Vir
1316 2391 1492 2457 ultro
1532 2390 1786 2457 annuit.
1819 2390 2000 2457 Uxor
2027 2391 2285 2473 inquit:
2321 2396 2350 2427 ⁸
2383 2389 2458 2457 Si
2477 2388 2618 2457 Deo
2645 2390 2967 2474 placuerit
2987 2394 3058 2455 et
3084 2390 3286 2455 beate

797 2494 824 2523 ⁸
875 2487 1145 2555 domine
1171 2492 1399 2555 sancte
1426 2488 1840 2572 Radegundi,
1869 2508 2016 2555 cras
2041 2488 2168 2555 iter
2207 2488 2502 2572 arripere
2527 2488 2934 2567 festinemus,
2961 2490 3124 2573 quia
3149 2489 3285 2555 iam
3319 2506 3378 2558 ω

803 2638 831 2667 ,
876 2587 1185 2655 levamen
1208 2587 1542 2671 languoris
1582 2588 1757 2655 soliti
1783 2587 2094 2671 percipio.
2142 2635 2171 2665 ,
2215 2586 2340 2653 Vir-
2369 2588 2512 2655 eius
2550 2588 2938 2671 respondit:
2982 2596 3010 2625 ⁸
3045 2588 3216 2654 Fiat.
3253 2638 3282 2668 ,

794 2686 991 2754 Mane
1018 2686 1215 2766 facto,
1244 2686 1371 2754 iter
1398 2686 1741 2771 arripiunt,
1768 2686 2004 2760 mulier
2028 2690 2257 2754 tamen
2281 2686 2544 2753 duabus
2567 2686 2882 2771 potentiis
2907 2691 3288 2754 sustentata

797 2789 864 2852 et
902 2789 973 2852 in
1018 2786 1237 2869 prima
1285 2785 1469 2852 dieta
1507 2785 1992 2870 aliquantulum
2031 2789 2340 2869 gravata3
2387 2786 2648 2853 duobus
2695 2786 2930 2852 diebus
2977 2785 3288 2869 proximo

796 2885 1229 2969 sequentibus
1296 2885 1387 2951 ad
1440 2885 1812 2968 predictam
1880 2884 2224 2950 ecclesiam
2296 2883 2576 2968 gloriose
2627 2885 2854 2968 regine
2921 2886 3288 2962 venientes,

798 3003 1025 3050 coram
1071 2983 1299 3050 multis
1340 2983 1455 3068 qui
1494 2983 1780 3050 aderant
1814 2981 1958 3049 fide
1997 2983 2210 3066 dignis
2252 2982 2532 3049 confessi
2569 2987 2726 3049 sunt
2765 2983 2946 3067 quod
2985 2985 3290 3068 predicta
3319 2997 3380 3050 ¹5
3521 2987 3523 3034 i

803 3083 1035 3149 mulier
1060 3101 1229 3149 sana
1252 3081 1542 3166 perfecte
1562 3081 1706 3148 sine
1731 3081 2046 3165 potentiis
2065 3084 2134 3147 et
2159 3080 2394 3148 baculo
2415 3081 2790 3160 recedebat,
2820 3080 2961 3149 Deo
2987 3086 3061 3148 et
3086 3083 3288 3148 beate

800 3180 1195 3265 Radegundi
1221 3181 1469 3265 gratias
1496 3200 1649 3246 cum
1674 3181 1886 3247 letitia
1911 3180 2292 3246 referentes.

888 3288 1005 3347 13.
1050 3280 1369 3364 Sequenti
1420 3299 1620 3360 anno,
1674 3281 1804 3351 die,
1837 3279 2142 3346 mercurii
2201 3283 2358 3362 post
2407 3279 2902 3363 penthecosten,
2959 3281 3146 3346 venit
3199 3282 3290 3348 ad

800 3377 1143 3445 ecclesiam
1168 3381 1367 3446 beate
1393 3379 1824 3463 Radegundis
1863 3378 2242 3445 Guillelmus
2288 3377 2502 3444 dictus
2541 3378 2896 3458 Munerius,
2937 3384 3290 3463 carpenta-

798 3477 954 3562 rius,
973 3475 1101 3562 'qui
1138 3496 1365 3544 coram
1404 3478 1581 3544 clero
1620 3480 1691 3544 et
1726 3477 1976 3561 populo
2014 3477 2358 3543 asserebat
2395 3496 2470 3544 se
2508 3496 2630 3561 per
2673 3479 3094 3562 septennium
3135 3499 3292 3562 pas-
3319 3489 3380 3542 ω
3519 3551 3521 3574 i

800 3574 985 3640 sione
1010 3575 1247 3642 ciatica
1264 3575 1365 3660 (6)
1386 3579 1525 3642 tam
1545 3575 1788 3642 acerbe
1806 3574 2165 3651 laborasse,
2193 3573 2374 3658 quod
2393 3574 2632 3659 gaudio
2653 3579 2721 3641 et
2739 3575 2961 3660 quiete
2987 3577 3302 3660 privabis-

800 3673 1176 3740 miserabile
1202 3693 1443 3758 corpus
1468 3674 1729 3741 duabus
1757 3672 2070 3758 potentiis
2113 3673 2362 3757 erigere
2402 3693 2524 3740 seu
2561 3693 2829 3740 movere
2855 3674 2966 3740 vix
2999 3676 3290 3742 valebat.

799 3771 1041 3838 Tribus
1068 3791 1333 3857 quoque
1374 3773 1569 3839 annis
1607 3773 1765 3839 dicti
1807 3772 2134 3856 septennii
2171 3792 2382 3838 novus
2421 3773 2696 3838 morbus
2735 3775 3010 3858 antiquo
3053 3777 3290 3842 morbo

801 3871 1082 3938 adicitur
1108 3877 1199 3951 et,
1222 3873 1651 3956 permittente
1680 3871 1980 3948 Domino,
2025 3870 2250 3937 dolore
2277 3871 2520 3955 duplici
2543 3871 3042 3939 intolerabiliter
3069 3874 3292 3959 flagel-

799 3970 995 4037 latur.
1020 3969 1429 4037 Infistulatur
1452 3970 1689 4036 dextra
1708 3970 1892 4052 tibia,
1914 3970 2102 4036 dolor
2127 3973 2422 4053 augetur,
2449 3975 2846 4055 aggeruntur
2864 3971 3292 4052 sintbomata,
3321 3981 3380 4034 5

802 4069 1222 4135 crebrescunt
1262 4067 1535 4136 clamosi
1562 4068 1866 4151 gemitus,
1896 4067 2120 4152 sicque
2153 4068 2344 4152 quasi
2369 4069 2542 4134 inter
2569 4069 2738 4135 duas
2762 4069 2978 4136 molas
3003 4073 3293 4149 attritus,

863 4275 943 4336 (1)
976 4271 1059 4328 1.-
1090 4269 1366 4338 premiere
1400 4269 1575 4324 heure
1598 4283 1675 4326 ou
1710 4269 1928 4325 l’heure
1948 4269 2020 4324 de
2051 4268 2228 4338 prime
2259 4269 2628 4338 commane-,it
2649 4285 2723 4324 au
2745 4271 2902 4325 lever
2918 4270 2998 4326 du
3017 4271 3200 4326 soleii.
3231 4299 3296 4311 —

804 4355 877 4420 (2)
913 4353 1147 4418 Piolant,
1168 4352 1363 4418 ferme,
1378 4367 1587 4406 comm.
1606 4351 1679 4407 de
1702 4349 2448 4416 Saint-GcnOt-d'Ambiu-e,
2481 4356 2626 4406 cant.
2644 4351 2718 4406 de
2732 4352 3064 4418 Iaencloltre,
3081 4369 3194 4408 arr.
3226 4353 3294 4407 de

802 4433 1205 4490 Chatellerault
1225 4433 1495 4498 (vienne).
1518 4433 1640 4489 cite
1660 4433 1804 4489 dam
1824 4435 1906 4488 les
1939 4434 2098 4488 titre·
2124 4433 2318 4502 depuis
2346 4450 2400 4488 v.
2437 4433 2570 4490 11ae
2605 4434 2823 4499 (itiner,
2843 4433 2989 4490 Dice.
3015 4440 3128 4502 cop.
3153 4436 3222 4489 do
3238 4435 3296 4489 la

808 4512 1027 4582 Vinum,
1042 4531 1095 4584 p.
1121 4517 1221 4579 16).
1238 4543 1303 4556 -
1324 4515 1399 4580 (3)
1432 4515 1723 4582 Amba-re,
1755 4515 1904 4570 ιιι-1.
1936 4515 2008 4570 de
2029 4529 2251 4579 comm„
2273 4519 2420 4569 cant.
2441 4513 2514 4570 de
2536 4515 3166 4580 Birebean-end’oitou.
3187 4532 3292 4571 arr.

804 4597 875 4652 de
897 4597 1131 4652 Poitiora
1152 4595 1425 4660 (vienne).
1448 4596 1567 4652 uite
1588 4597 1731 4652 dane
1760 4597 1847 4653 leo
1869 4598 2023 4652 tiu-e·
2049 4595 2246 4666 depuis
2276 4612 2332 4651 ν.
2355 4597 2481 4652 Ιῶι
2520 4597 2742 4662 (Rton,
2775 4611 2864 4665 q».
2901 4600 3022 4664 eit„
3053 4615 3110 4668 p.
3129 4601 3204 4662 5).
3233 4627 3296 4638 —

746 4688 755 4696 ’
805 4679 879 4742 (4)
912 4679 993 4733 la
1024 4678 1295 4733 Roehelle
1330 4679 1481 4734 chel.
1519 4680 1599 4735 du
1646 4680 2038 4749 departement
2067 4679 2139 4734 de
2179 4679 2234 4733 la
2273 4679 2902 4736 Charonte-Infffieurc.
2933 4709 3002 4722 ·-
3041 4683 3134 4746 (5)
3152 4680 3298 4736 Pom·

802 4759 1041 4814 dolonn
1060 4759 1437 4828 moiun,
1462 4765 1671 4830 goutte.
1692 4789 1758 4801 —
1783 4763 1856 4825 (6)
1893 4761 2302 4830 Ροιιιρωείοκ
2319 4761 2562 4832 aristion.
