3557 5449
757 348 906 421 264-
1381 370 1791 424 carnosus
1838 371 1999 424 con.
2050 370 2391 425 metesa.
2440 371 2603 424 ur.

1357 763 1520 829 VIII.
1559 764 1865 829 Braneus
1907 762 2103 829 Vrru
2140 763 2211 829 S.
2252 764 2617 830 Bnnmu.

840 976 1002 1041 Cum
1047 976 1354 1041 Vitas-S.
1385 977 1747 1062 Briomaqli
1790 976 2525 1063 coadmRotomqma·
2564 976 2637 1042 U.
2664 978 2791 1043 119
2824 978 3115 1042 oda-db.
3142 999 3227 1043 ιιι.

759 1074 836 1139 R.
866 1074 944 1139 P.
975 1074 1202 1140 Plat'ne
1227 1076 1446 1167 (BHL.
1477 1076 1688 1161 1463),
1721 1078 1929 1141 neseio
1956 1096 2073 1139 our
2104 1076 2349 1158 factum
2378 1083 2470 1139 eet
2508 1083 2580 1139 ut
2606 1076 2919 1159 epilogum
2932 1084 3225 1159 prada·-

757 1174 1042 1253 mitterot,
1069 1174 1180 1257 qui
1205 1176 1500 1239 continuo
1517 1181 1664 1258 post
1685 1175 1915 1239 ultima
1935 1174 2121 1237 verba
2140 1174 2311 1239 edita
2330 1174 2638 1257 (Explicit
2660 1174 2811 1239 Vita
2834 1174 2905 1238 S.
2928 1174 3227 1257 Brioccii)

756 1272 824 1336 in
847 1270 961 1334 hoc
989 1272 1196 1337 codix
1219 1272 1463 1358 loquar.
1487 1272 1554 1337 E
1569 1274 1803 1337 euius·
1836 1273 2137 1356 faleratis
2155 1272 2501 1337 rhetoricae
2516 1272 2863 1354 scaenam
2882 1272 3221 1354 maman,

757 1368 1984 1456 illudsaltemnosodooen'oontinyit,
2026 1370 3229 1455 miptmpmoluoeiesel'itamanfi-

758 1466 1059 1551 quior-em,
1081 1486 1242 1551 quae
1265 1466 1534 1531 rudiunt
1561 1469 1772 1547 etiam,
1792 1466 1969 1531 -id
1994 1468 2159 1531 onim
2186 1467 2889 1553 ‘poeqrinaelinqm
2914 1466 3223 1545 idm,

760 1563 1008 1629 videtur
1033 1565 1385 1649 amquam,
1409 1602 1492 1613 —-
1517 1564 1853 1631 ome-ulo
1874 1564 2107 1647 form
2130 1585 2415 1630 maone
2438 1570 2577 1629 erat
2602 1566 2971 1649 oum-ipa

842 1776 1176 1843 Audaciae
1205 1798 1392 1843 meae
1431 1778 1921 1845 exmsationem
1960 1781 2317 1861 utcumque
2354 1778 2809 1861 praetendere,
2838 1776 3017 1861 quod
3058 1777 3230 1842 tanti

761 1877 980 1958 operis
1007 1878 1276 1959 pelagus
1303 1878 1458 1941 viris
1499 1878 1698 1943 etiam
1727 1876 2255 1988 prudentioribus
2282 1876 2769 1942 formidandum
2800 1876 2983 1941 rudis
3008 1875 3233 1941 adhuc

761 1978 832 2040 et
858 1974 1196 2058 imperitus
1223 1974 1578 2041 litterariae
1605 1976 1799 2059 pupis
1826 1978 2031 2039 nauta
2058 1978 2437 2057 pertentare
2476 1975 3053 2058 praesumpserim,
3072 1992 3231 2039 cum

763 2092 886 2139 nec
927 2073 1426 2139 constructionis
1465 2074 1783 2156 scapham
1844 2092 2071 2157 regere
2108 2092 2232 2138 nec
2270 2073 2831 2139 barbarismorum
2888 2072 3235 2139 caribdim

759 2168 1110 2234 Scilleosve
1128 2168 1659 2235 soloecismorum
1679 2169 1955 2235 latratus
1976 2168 2271 2235 noverim
2290 2169 2559 2245 evitare,
2579 2168 2689 2235 illa
2715 2168 2855 2235 sola
2874 2168 3047 2253 [illa]
3066 2168 3233 2233 mihi
3268 2190 3303 2240 5

760 2268 934 2332 ratio
966 2268 1288 2349 permittit
1321 2271 1677 2349 postrema,
1707 2268 1887 2350 quod
1922 2267 2149 2331 domni
2174 2267 2439 2333 abbatis
2464 2268 2673 2350 coegit
2710 2268 3080 2350 imperium.
3106 2266 3237 2333 Cui

761 2382 913 2427 cum
959 2364 1323 2445 imperitiae
1365 2382 1554 2429 meae
1597 2368 1662 2429 et
1703 2362 2081 2428 rusticitatis
2120 2364 2379 2428 obicere
2423 2368 2755 2429 tentarem
2802 2368 3081 2439 scutum,
3118 2362 3238 2428 ille

761 2461 1058 2543 protinus
1097 2460 1181 2525 de
1227 2461 1492 2543 regulae
1529 2462 1919 2527 auctoritate
1958 2460 2227 2543 protulit
2264 2462 2720 2527 oboedientiae
2760 2461 2983 2527 telum.
3024 2462 3239 2527 Cuius

763 2559 1154 2623 iaculatione
1183 2560 1274 2624 ita
1301 2560 1520 2623 subito
1547 2578 1660 2623 cor
1697 2578 1921 2624 meum
1948 2560 2215 2624 vulnere
2244 2560 2389 2625 licet
2416 2560 2751 2625 salutifero
2778 2559 3123 2636 transfixit,
3152 2564 3241 2625 ut

763 2661 830 2722 et
879 2658 1148 2740 pudoris
1196 2657 1328 2721 mei
1375 2657 1692 2723 damnum
1738 2662 1807 2722 et
1856 2658 2235 2723 rusticitatis
2282 2658 2622 2723 infamiam
2664 2664 3019 2742 praecepto
3060 2657 3241 2723 illius
3278 2680 3341 2732 ιο

765 2761 1160 2839 postponere
1213 2775 1348 2821 non
1403 2756 1793 2822 dubitarem.
1848 2757 2067 2822 Tanta
2116 2757 2290 2822 enim
2346 2758 2485 2822 eius
2540 2759 2753 2822 inerat
2814 2757 3241 2823 sermonibus

763 2855 1070 2936 gravitas,
1097 2859 1287 2919 tanta
1313 2873 1462 2919 cum
1489 2855 1795 2938 religione
1822 2857 1891 2920 in
1916 2855 2377 2938 praecipiendo
2404 2856 2777 2932 auctoritaS,
2804 2861 2881 2920 ut
2904 2857 3239 2921 renitendi

765 2956 994 3017 contra
1035 2951 1136 3018 vel
1183 2953 1538 3018 excusandi
1583 2954 1845 3036 penitus
1884 2953 2063 3018 nulla
2104 2955 2262 3018 mihi
2309 2955 2599 3037 potuerit
2647 2973 2792 3018 esse
2838 2953 3242 3020 constantia.

765 3051 824 3114 N
825 3069 1062 3115 aevum
1083 3051 1304 3134 itaque
1331 3053 1550 3134 potius
1578 3051 2096 3117 inoboedientiae
2116 3051 2324 3116 vitare
2344 3051 2597 3116 malens
2618 3071 2820 3134 quam
2838 3053 3241 3117 iactantiae¹

767 3167 1042 3231 sperans
1071 3149 1394 3214 incurrere
1433 3169 1697 3226 noxam,
1725 3150 1934 3232 magis
1976 3150 2059 3215 de
2088 3150 2370 3215 iubentis
2398 3149 2745 3215 confixus
2725 3151 3000 3232 imperio
3028 3169 3247 3262 quaxn
3284 3171 3347 3222 1⁵

765 3246 850 3312 de
891 3246 1254 3322 litterarum
1297 3267 1726 3332 praesumens
1767 3249 2056 3325 scientia,
2085 3247 2357 3313 tandem
2396 3249 2580 3330 operi
2618 3267 2893 3313 manum
2932 3249 3249 3331 apposni.

770 3345 918 3410 Feci
943 3345 1156 3426 igitur,
1185 3347 1306 3410 etsi
1331 3364 1468 3411 non
1495 3345 1674 3436 quod
1707 3345 1882 3411 volui
1923 3347 2187 3411 omnino
2213 3346 2319 3410 vel
2360 3346 2575 3422 debui,
2606 3351 2833 3412 tamen
2874 3351 3249 3429 utcumque

769 3443 946 3526 quod
986 3445 1189 3526 potui.
1229 3443 1420 3509 Unde
1461 3445 1772 3510 lectorem
1812 3444 2142 3510 humiliter
2182 3445 2474 3520 obsecro,
2516 3445 2573 3509 si
2612 3449 2841 3510 tamen
2882 3445 3251 3528 quisquam

764 3543 979 3624 legere
1015 3543 1026 3624 Ι
1062 3542 1164 3606 vel
1220 3543 1440 3607 videre
1487 3543 1792 3624 dignatus
1844 3543 2041 3608 fuerit
2085 3547 2153 3608 et
2206 3543 2421 3608 visum
2466 3563 2603 3608 non
2648 3543 2877 3608 statim
2930 3548 3249 3625 spretum

765 3645 1286 3724 consputumque
1339 3642 1642 3706 manibus
1695 3643 1833 3706 suis
1888 3641 2261 3718 excusserit,
2308 3647 2383 3706 ut
2430 3659 2595 3706 cum·
2636 3641 2880 3706 inculta
2936 3641 3247 3723 partium
3284 3667 3349 3716 ιο

765 3740 1064 3821 congerie
1102 3740 1440 3804 turbatum
1481 3739 1648 3804 forte
1687 3739 2080 3805 narrationis
2120 3740 2417 3804 ordinem
2456 3739 2712 3817 viderit,
2750 3745 2985 3821 parcat
3024 3743 3249 3805 errori

767 3837 1010 3920 detque
1047 3839 1308 3902 veniam
1347 3839 1771 3919 ignorantiae,
1814 3857 2035 3920 quam,
2078 3841 2151 3902 ut
2187 3856 2343 3902 vere
2384 3837 2661 3914 confido,
2704 3837 2890 3902 facile
2930 3839 3248 3918 magistri

767 3937 1009 4018 poterit
1049 3936 1246 4000 iussio
1287 3951 1620 4000 excusare.
1645 3935 1785 3999 Nec
1824 3936 2097 4000 miretur
2136 3935 2315 4017 quod
2352 3935 2647 4000 lectionis
2672 3935 2877 4000 series
2914 3935 3001 3999 de
3026 3938 3249 4000 veteri

767 4034 986 4099 codice
1025 4034 1298 4097 verbum
1339 4054 1376 4098 e
1405 4035 1607 4098 verbo
1645 4033 2099 4098 continuatum
2138 4051 2272 4096 non
2298 4033 2491 4098 fuerit
2532 4037 2741 4111 eruta,
2768 4051 2921 4097 cum
2962 4034 3249 4098 omnino

767 4133 906 4197 fieri
947 4135 1016 4196 et
1055 4131 1417 4214 depravata
1456 4131 1817 4196 admodum
1856 4131 2051 4196 libelli
2090 4131 2415 4212 scriptura
2440 4136 2509 4196 et
2546 4131 2931 4213 peregrinae
2974 4131 3353 4212 linguaez

767 4230 1056 4294 maxime
1095 4229 1503 4311 prohibuerit
1539 4229 1803 4295 idioma.
1832 4229 2196 4294 meminerit
2234 4233 2478 4304 tamen,
2506 4229 2801 4311 quisquis
2844 4229 3251 4310 opusculum

767 4328 942 4392 istud
969 4327 1520 4392 contemnendum
1547 4329 1821 4392 forsitan
1858 4329 1999 4392 iure
2032 4327 2381 4408 putaverit,
2410 4328 2725 4409 scriptum
2762 4345 2927 4400 esse,
2956 4345 3251 4408 regnum

771 4425 888 4489 Dei
915 4443 1048 4489 non
1065 4425 1134 4488 in
1161 4425 1480 4489 sermonis
1507 4425 1898 4508 eloquentia,
1918 4425 2125 4490 sedin
2146 4426 2385 4490 virtute
2412 4425 2681 4508 spiritus
2698 4427 3079 4490 consistere.
3100 4423 3255 4490 Nec

771 4524 983 4588 minor
1007 4529 1110 4588 est
1129 4525 1340 4588 sancti
1365 4525 1572 4588 virtus
1596 4528 1663 4588 et
1687 4523 1892 4606 gloria
1918 4541 2121 4606 quam
2140 4523 2196 4588 si
2223 4523 2495 4588 historia
2514 4523 2687 4588 vitae
2712 4523 2917 4604 ipsius
2934 4523 3253 4588 faleratis

841 4689 862 4722 ¹
893 4687 1210 4744 iactantiam
1231 4691 1349 4743 eod.
1367 4695 1497 4744 ante
1517 4705 1698 4753 ωτι-,ς
1721 4689 1984 4744 iactantia
2004 4689 2121 4742 cod.
2146 4703 2295 4742 corr.
