3557 5449
793 398 1314 453 nmmo-nmen:
1366 400 1902 455 mlvnnsrmns
1951 401 2444 457 nnssmnuffls.
2759 385 2856 461 55

453 595 566 654 10.
612 587 777 668 (Fol.
834 588 1186 671 mov-187).
1235 588 1560 667 Διήγησις
1610 587 1964 655 Ἰωσίππου
2023 590 2118 670 είς
2172 592 2250 656 τὸ
2309 591 2666 672 μαρτύριον
2719 596 2857 659 τῶν

363 702 571 780 ἁγίων
598 705 701 767 καὶ
730 703 1023 769 ἐνδόξων
1051 703 1581 783 Μακκαβαίων.
1611 734 1695 758 ==
1723 703 1826 770 3⁸.
2599 707 2766 791 Aug.
2800 709 2856 775 1.

454 825 569 881 11.
616 817 783 899 (5³01.
831 818 1181 902 187v-225).
1236 817 1451 897 Λόγος
1503 818 1958 899 διαλαμβάνων
2005 822 2108 883 τὰ.
2133 820 2264 885 ἀπὸ
2323 825 2439 901 τῆς
2497 823 2858 902 σεβασμίας

360 932 741 1012 γεννήσεως
769 934 871 998 καὶ
901 934 1287 1013 ἀνατροφῆς
1306 938 1429 1012 τῆς
1454 933 1810 1014 ὑπεραγίας
1840 936 2197 1016 δεσποίνης
2235 936 2421 1016 ἡμῶν
2463 937 2854 1003 Θεοτόκου

360 1050 481 1127 τῆς
536 1051 953 1128 θεοπρεποῦς
1005 1067 1077 1112 τε
1124 1049 1502 1128 γεννήσεως
1557 1048 1842 1129 Χριστοῦ
1900 1054 2022 1115 τοῦ
2077 1050 2252 1116 θεοῦ
2309 1052 2514 1132 ἡμῶν,
2565 1055 2668 1117 καὶ
2725 1052 2858 1118 ὅσα

362 1163 542 1243 μέχρι
563 1166 683 1241 τῆς
712 1163 1077 1243 ζωηφόρου
1108 1164 1313 1243 αὐτῆς
1343 1164 1714 1244 συνέδραμε
1756 1166 2062 1243 τελευτῆς
2104 1166 2206 1229 καὶ
2249 1167 2522 1244 προσέτι
2569 1166 2671 1230 καὶ
2711 1167 2855 1246 περὶ

360 1282 479 1357 τῆς
509 1280 964 1358 φανερώσεως
992 1282 1112 1357 τῆς
1153 1279 1359 1359 τιμίας
1388 1278 1590 1358 αὐτῆς
1626 1279 1912 1359 ἐσθῆτος
1952 1280 2055 1344 καὶ
2099 1260 2292 1359 ὅπως
2332 1280 2372 1345 ό
2418 1282 2618 1360 μέγας
2658 1280 2857 1362 οὗτος

250 1402 261 1415 ·
358 1397 653 1473 πλοῦτος
680 1398 1081 1475 χριστιανοῖς
1107 1394 1642 1474 τεθησαύρισται.
2523 1397 2710 1479 [Aug.
2736 1396 2854 1477 15].

696 1510 813 1565 Ine.
833 1509 1035 1577 Ἐχρῆν
1058 1511 1287 1577 ἀληθῶς
1310 1510 1420 1577 τὴν
1440 1509 1733 1577 παρθένον
1750 1512 1949 1578 ὥσπερ
1975 1510 2121 1579 αὐτὴ
2155 1516 2265 1566 τοῦ
2292 1512 2442 1567 Θεοῦ
2464 1512 2610 1579 πρός
2633 1512 2858 1579 ανθρώ-

626 1625 774 1672 πους
816 1609 1121 1674 ἐπιφοιτᾶν
1159 1608 1465 1675 μέλλοντος
1491 1637 1555 1647 -
1590 1608 1715 1663 Deu.
1736 1608 1995 1674 ἐξυμνεῖν
2029 1610 2132 1675 μέν
2168 1610 2352 1677 αὐτὴν
2385 1610 2458 1678 δὴ
2487 1610 2597 1677 τὴν
2640 1609 2856 1677 ἐσθῆτα

629 1707 817 1771 οὐδεὶς
856 1707 1001 1774 πρὸς
1042 1707 1315 1773 ἀλήθειαν
1349 1707 1523 1772 λόγος
1548 1706 1790 1774 ἐξαρκεῖ·
1831 1707 2190 1775 εὐχαριστείᾳ
2224 1708 2290 1762 δὲ
2330 1709 2476 1779 μόνη
2515 1709 2586 1761 τό
2624 1711 2860 1775 πρᾶγμα

628 1804 835 1861 δοτέον
855 1806 1002 1873 αὐτῇ
1020 1821 1085 1860 τε
1103 1810 1174 1873 τῇ
1202 1806 1474 1871 Θεοτόκψ
1497 1806 1660 1872 χάριν
1678 1806 2045 1873 ὁμολογοῦσι.
2058 1845 2089 1861 ..
2114 1806 2280 1875 ἀμήν.

556 1882 565 1889 ’
700 1904 893 1959 Laune
916 1904 1196 1968 Lamum,
1214 1902 1302 1965 vr,
1329 1904 1591 1958 168-178'.

451 2009 569 2068 12.
618 2002 782 2085 (Fol.
812 2002 1171 2086 θῶν-244).
1200 2002 1694 2069 Κωνσταντίνου
1728 2002 1799 2067 ἐν
1828 2001 2086 2085 Χριστῷ
2119 2004 2370 2081 βασιλεῖ
2399 2002 2641 2087 αἰωνίῳ
2672 2006 2852 2083 βασι·

356 2119 527 2197 λέως
554 2117 895 2197 Ῥωμαίων
946 2118 1243 2196 διήγησις
1296 2117 1426 2182 ἀπὸ
1470 2118 1818 2206 διαφόρων
1866 2117 2304 2197 ἀθροισθεῖσα
2357 2116 2672 2196 ἱστοριῶν
2711 2119 2858 2197 περὶ

359 2237 480 2311 τῆς
505 2233 677 2312 πρὸς
704 2233 1012 2313 Αὕγαρον
1039 2233 1528 2311 ἀποσταλείσης
1555 2232 2054 2313 ἀχειροποιήτου
2091 2233 2268 2311 θείας
2297 2232 2554 2311 εἰκόνος
2599 2232 2855 2312 Ἰησοῦ

359 2348 695 2427 Χριστοῦ
742 2352 863 2413 τοῦ
908 2349 1083 2414 Θεοῦ
1119 2349 1304 2428 ἡμῶν
1349 2349 1453 2412 καὶ
1496 2348 1592 2427 ὡς
1634 2348 1699 2415 ἐξ
1738 2347 2015 2427 Ἐδέσης
2045 2348 2475 2428 μετεκομίσθη
2523 2348 2695 2428 πρὸς
2733 2350 2854 2428 τὴν

355 2464 844 2543 πανευδαίμονα
870 2464 1113 2542 ταύτην
1142 2466 1246 2528 καὶ
1277 2464 1577 2543 βασιλίδα
1600 2466 1737 2530 τῶν
1756 2464 2017 2529 πόλεων
2041 2464 2757 2530 Κωνσταντινούπολιν.
2773 2494 2858 2519 ==

359 2579 491 2645 ΒΞ.

442 2703 558 2762 13.
606 2694 771 2776 (Fol.
815 2692 1171 2790 244—266y).
1222 2693 1440 2773 Λόγος
1490 2694 1945 2776 διαλαμβάνων
1993 2695 2074 2761 τὰ
2122 2696 2268 2775 περὶ
2296 2701 2413 2776 τῆς
2441 2696 2851 2776 γεννήσεως,

353 2811 744 2892 ἀνατροφῆς
773 2812 876 2875 καὶ
904 2810 1243 2890 ἀποτομῆς
1268 2813 1389 2875 τοῦ
1420 2810 1607 2887 ἁγίου
1639 2813 1742 2876 καὶ
1771 2810 2045 2876 ἐνδόξου
2076 2812 2428 2890 προφήτου
2478 2811 2580 2875 καὶ
2629 2815 2845 2890 βαπτι-

354 2929 526 2992 στοῦ
558 2927 913 2992 Ἰωάννου
942 2927 1043 2990 καὶ
1070 2926 1217 3004 περὶ
1245 2929 1363 3004 τῆς
1393 2925 1724 3004 εὑρέσεως
1750 2931 1868 3005 τῆς
1896 2925 2103 3005 τιμίας
2124 2925 2333 2990 αὐτοῦ
2365 2927 2679 3005 κεφαλῆς.

691 3043 803 3098 luc.
826 3041 1093 3108 Ἰωάννην
1125 3042 1197 3095 τὸ
1233 3041 1377 3108 μέγα
1410 3042 1573 3105 κλέος
1595 3044 1699 3108 τῆς
1724 3040 2063 3109 οἰκουμένης
2102 3042 2209 3095 τόν
2244 3041 2564 3108 βαπτιστὴν
2601 3039 2848 3095 ἐπαινεῖν

620 3142 723 3207 μέν
749 3143 958 3196 ἅπασιν
979 3140 1213 3208 ἐφετόν,
1235 3139 1484 3194 ἐπαινεῖν
1516 3142 1580 3193 δέ
1611 3140 1759 3207 πρὸς
1795 3139 1955 3196 ἀξίαν
1985 3167 2051 3179 -
2087 3139 2213 3194 Dos.
2237 3139 2331 3194 καὶ
2355 3140 2500 3206 μετὰ
2535 3143 2644 3192 τοῦ
2665 3139 2846 3204 λόγου

623 3243 727 3306 τῆς
746 3239 1013 3306 ἀληθείας
1036 3239 1287 3306 κήρυκος
1308 3238 1575 3294 Ἰωάννου
1594 3243 1700 3293 τοῦ
1719 3240 2054 3304 βαπτιστοῦ,
2071 3237 2142 3293 οῦ
2161 3237 2254 3293 καί
2272 3233 2390 3306 τῆν’
2399 3237 2611 3306 ἑορτὴν
2631 3237 2848 3306 ἄγομεν

626 3338 931 3405 σήμερον...
950 3338 1115 3404 ἀμήν.

690 3435 885 3491 Latine
908 3435 1187 3501 hrotam,
1212 3435 1305 3500 vl,
1324 3435 1565 3490 199-203.

1306 3719 1568 3786 conEx
1612 3721 1695 3784 53
1736 3717 1902 3803 (ες’).

416 3882 825 3947 Ποτιώτατιοιιε,
864 3881 1127 3938 foliorum
1164 3883 1266 3938 219
1306 3887 1547 3952 (praeter
1584 3881 1886 3938 insiticium
1921 3895 2097 3936 unum
2130 3878 2188 3934 in
2229 3877 2378 3942 flue),
2397 3877 2558 3941 (ΣΡ-,30
2583 3884 2637 3936 ><
2663 3877 2836 3942 0·,40,

346 3981 493 4036 binis
517 3981 792 4036 columnis
815 3980 1049 4036 diversis
1072 3981 1332 4037 manibus
1353 3997 1498 4036 saec.
1513 3981 1641 4036 XIII
1663 3983 1940 4036 exaratus.

415 4079 667 4135 Plurima
685 4080 831 4142 folia,
856 4081 1183 4150 praesertim
1206 4080 1265 4134 in
1288 4080 1555 4148 priucipio
1581 4080 1725 4144 libri,
1746 4093 1944 4134 umore
1966 4075 2164 4146 ραι-εἰμι
2187 4071 2556 4142 pessumdata.

443 4237 511 4291 1.
558 4227 723 4308 (Fol.
764 4229 1024 4308 l-lblv).
1056 4228 1208 4306 Βίος
1229 4230 1351 4292 τοῦ
1382 4226 1579 4304 όσίου
1608 4226 1859 4304 πατρὸς
1887 4224 2073 4303 ἡμῶν
2099 4217 2608 4299 Παγκρατίου.
2685 4269 2691 4275 .
2779 4285 2784 4290 ,

690 4343 795 4394 [nc.
820 4342 1075 4406 Ἐγένετο
1098 4343 1245 4407 μετὰ
1263 4343 1334 4395 τό
1359 4344 1762 4410 ἀναληφθῆναι
1793 4341 1900 4394 τὸν
1935 4339 2132 4405 κύριον
2167 4337 2330 4403 ἡμῶν
2349 4333 2566 4401 Ἰησοῦν
2585 4327 2826 4396 Χριστόν

616 4440 695 4502 εἰς
720 4441 857 4502 τοὺς
877 4440 1162 4505 οὐρανοὺς
1188 4439 1279 4494 καί
1298 4443 1646 4507 καθεσθῆναι
1662 4439 1725 4494 ἐν
1744 4441 1898 4506 δεξιᾷ
1912 4441 2020 4492 τοῦ
2047 4435 2266 4502 πατρὸς
2289 4463 2353 4472 -
2380 4433 2504 4486 Des.
2523 4428 2706 4484 πολλὰ
2723 4427 2826 4502 μὲν

616 4538 722 4590 οῦν
764 4538 853 4590 καί
894 4537 1202 4591 ιὶνείκαστα
1238 4537 1505 4603 θαύματα
1546 4538 1583 4604 ἡ
1602 4539 1749 4605 θήκη
1784 4541 1891 4591 τοῦ
1931 4535 2096 4602 ἁγίου
2136 4533 2210 4588 Π.
2249 4531 2536 4598 πεποίηκε,
2572 4525 2826 4591 ποικίλας

616 4633 828 4695 νόσους
854 4635 1257 4696 θεραπεύουσα
1292 4633 1383 4686 καί
1418 4631 1693 4697 δαίμονας
1717 4632 2170 4689 ἀπελαύνουσα...
2191 4632 2376 4682 ταῦτα
2410 4626 2474 4681 δέ
2503 4621 2828 4691 ἀνεγραψά-

618 4733 761 4792 peon
782 4731 926 4782 κατὰ
946 4731 1050 4794 τὴν
1070 4731 1309 4796 δύναμιν
1336 4733 1548 4796 ἡμῶν...
1567 4729 1732 4796 ἀμήν.
