3557 5449
886 372 1311 427 mucronum
1359 372 1762 427 saneim-A
1810 372 2227 427 mmm.
2654 353 2801 427 307

307 560 576 627 nomine
613 560 896 627 libenter
937 560 1278 637 sustineat,
1309 560 1488 644 quod
1515 560 2049 644 incomparabilis
2077 559 2285 644 gloria
2314 561 2400 626 ad
2428 579 2622 626 suam
2647 580 2805 645 pas-

309 660 562 725 sionem
583 663 652 726 et
669 659 1097 742 ignominiam
1121 662 1222 725 est
1243 678 1286 724 a
1306 658 1447 725 Deo
1469 659 1594 725 sibi
1620 663 1883 743 parata.
1895 658 1978 724 Et
1998 658 2092 725 sic
2119 658 2181 724 ei
2200 658 2492 725 ostendit
2520 657 2801 741 qualiter

307 776 540 825 omnes
560 758 670 824 alii
690 757 929 823 milites
951 758 1194 823 suntin
1223 758 1406 824 caelo
1426 758 1786 841 glorificati,
1804 762 1871 823 et
1898 756 2101 823 etiam
2128 756 2219 823 illi
2244 756 2472 840 viginti
2500 756 2799 835 ministri,
2818 789 2823 795 ·

307 876 474 941 quos
500 858 644 940 ipse
673 857 1148 940 baptizaverat,
1179 856 1238 922 ei
1267 860 1424 923 sunt
1461 856 1841 922 lucidissimi
1870 856 2140 922 ostensi.
2178 854 2326 921 Hac
2342 855 2595 921 visione
2622 875 2799 921 eom-

227 968 270 1021 5
304 956 488 1038 pleta
513 960 584 1022 et
622 956 694 1021 in
735 955 1000 1022 Christo
1047 958 1232 1021 totus
1259 954 1667 1022 confortatus
1693 956 1932 1022 horam
1972 954 2301 1048 passionis
2327 952 2553 1019 venire
2593 954 2804 1019 anhe-

305 1053 510 1121 labat.
538 1050 707 1121 Cum
735 1058 964 1121 autem
989 1056 1385 1137 perventum
1413 1056 1590 1119 esset
1607 1054 1704 1121 ad
1733 1053 1951 1119 locum
1973 1052 2319 1136 passionis,
2338 1050 2696 1136 genuflexit
2722 1070 2796 1117 se

303 1152 542 1218 heatus
582 1151 948 1231 Plotianus,
991 1152 1258 1227 elevans
1299 1170 1540 1218 manus
1571 1156 1639 1217 et
1664 1150 1889 1217 oculos
1923 1150 2012 1217 ad
2042 1150 2320 1229 caelum,
2364 1154 2432 1216 et
2459 1149 2799 1216 Christum

303 1250 606 1329 laudans,
636 1251 817 1335 quod
845 1270 1000 1316 eum
1024 1250 1142 1316 tali
1169 1253 1383 1315 morte
1402 1270 1526 1333 pro
1555 1249 1696 1315 eius
1716 1268 1946 1316 amore
1970 1249 2241 1333 dignum
2263 1248 2433 1327 fecit,
2460 1247 2795 1334 Christum

304 1349 472 1416 vidit
496 1369 648 1416 cum
677 1350 970 1417 maximo
991 1350 1290 1427 *exercitu
1330 1340 1732 1425 sanctorum,
1761 1351 1831 1413 et
1862 1366 2095 1422 vocem
2136 1347 2389 1422 audivit
2416 1346 2744 1413 dicentem
2780 1368 2799 1412 z

193 1462 268 1515 10
308 1454 337 1484 ⁸
374 1448 540 1515 Veni
581 1448 903 1527 floriane,
932 1450 1103 1526 veni,
1135 1448 1303 1532 quia.
1333 1447 1531 1513 hodie
1571 1447 1813 1514 florum
1848 1447 2115 1523 tuorum
2142 1446 2393 1512 tructus
2427 1445 2798 1511 uberrimos

303 1536 640 1631 recolligas
669 1550 738 1613 et
763 1566 1077 1614 eoronam
1099 1546 1354 1613 aeterni
1379 1545 1564 1629 regni
1592 1548 1662 1611 et
1699 1544 1947 1628 gloriae
1972 1544 2447 1611 inmercedem
2472 1542 2801 1627 passionis

305 1649 464 1712 tuae
490 1646 791 1730 accipies.
823 1696 852 1727 ,
882 1646 990 1711 Ad
1015 1645 1283 1712 laudem
1311 1644 1785 1728 omnipotentis
1811 1642 1952 1710 Dei.
1979 1644 2217 1711 Amen.
