3557 5449
823 409 1102 462 momen
1155 411 1552 463 cassinum
1605 410 1919 462 maon-n
1968 409 2329 462 vlsmxsn.
2667 390 2815 495 285

317 601 684 668 rafahelem
725 621 810 664 m.
895 604 970 665 ut
1017 601 1104 664 in.
1201 603 1282 662 65
1321 600 1737 681 inpraessum
1782 599 2061 681 signum.
2152 599 2241 662 67
2281 617 2432 680 qua,
2476 617 2679 681 quam
2726 619 2809 662 m.

321 701 609 782 graviter
637 698 825 763 deest.
911 699 993 760 73
1019 697 1338 762 rafahe10.

405 797 482 862 P.
511 799 655 880 571,
688 796 789 879 11,
821 798 859 861 1
889 799 1010 860 et·
1031 796 1472 876 dimergerent
1513 795 1694 858 deest.
1780 795 1826 857 2
1858 797 2079 860 essent
2121 793 2250 858 adi.
2298 815 2382 858 m.
2468 794 2508 859 4
2540 795 2814 860 alterca-

316 901 488 972 rent,
524 915 604 960 ur
651 893 787 959 adi.
836 915 946 974 m„
1029 912 1180 958 ecce
1227 893 1531 976 obviant]
1581 897 2061 958 succurrerunt.
2164 895 2207 954 5
2244 893 2310 956 in
2352 892 2576 958 albida
2612 899 2819 959 veste.

319 1012 515 1076 quae,
575 991 688 1074 qui
739 1012 824 1056 m.
935 990 1142 1055 veloci
1193 1008 1458 1054 cursum
1505 990 1728 1071 (cursu
1786 993 1878 1072 m)
1934 989 2559 1071 adpraehenderunt
2612 990 2818 1070 pedes

318 1091 534 1156 sancti
581 1089 892 1154 rafahelis
941 1089 1271 1154 deorsum.
1372 1087 1416 1149 6
1457 1087 1843 1169 inciperunt,
1888 1092 2205 1169 ceperunt
2246 1109 2329 1151 m.
2416 1089 2457 1150 7
2498 1089 2817 1170 antepho-

317 1208 498 1266 nam,
523 1189 546 1252 i
567 1207 737 1252 corr.
764 1208 848 1252 m.
935 1188 1193 1251 9terra.
1279 1187 1363 1250 10
1383 1188 1450 1251 et
1471 1186 1622 1250 inde
1651 1185 1832 1250 deest.
1918 1187 1998 1250 11
2022 1186 2133 1268 qui
2162 1185 2345 1250 deest.
2431 1187 2513 1250 13
2542 1186 2814 1261 inferno,

317 1307 439 1352 11111
489 1305 654 1351 corr.
705 1305 790 1349 m.
888 1285 970 1348 14
1019 1284 1424 1350 infernorum
1466 1283 1767 1348 vidimus».
1856 1285 1938 1346 15
1983 1283 2065 1348 Et
2115 1285 2227 1350 sic.
2332 1287 2485 1367 post
2528 1284 2819 1350 secunda

317 1404 546 1468 pugna
593 1387 885 1467 peracta,
925 1403 996 1448 m
1040 1389 1136 1447 ter
1169 1382 1305 1446 adi.
1348 1401 1434 1446 m.
1541 1383 1628 1447 ad
1671 1382 1805 1446 adi.
1848 1402 1929 1446 m.
2038 1383 2120 1446 16
2159 1383 2446 1464 primam
2487 1384 2820 1467 paradysi.

323 1483 410 1547 18
442 1482 918 1566 plenissimam,
965 1482 1074 1545 att.
1129 1499 1196 1545 m
1241 1479 1361 1544 del.
1405 1501 1484 1544 m.
1575 1481 1661 1544 19
1702 1481 2046 1563 accipiant.
2133 1481 2229 1564 et]
2282 1480 2392 1546 hii.
2477 1483 2561 1544 20
2588 1500 2821 1563 corpo-

321 1583 532 1660 lenus,
562 1583 608 1646 b
636 1601 802 1645 corr.
831 1601 916 1645 m.
1001 1581 1070 1645 in
1097 1579 1361 1645 saecula
1387 1579 1678 1660 (saeculo
1722 1581 1814 1660 m)
1840 1579 2223 1661 praestavit.
2309 1580 2391 1644 21
2419 1579 2817 1646 frodolenuS.

321 1683 414 1744 22
457 1682 906 1755 monumentO,
957 1697 1049 1743 nu
1103 1677 1225 1742 del.
1269 1697 1354 1741 m.
1459 1677 1544 1739 23
1584 1677 1782 1754 iussn,
1828 1697 1871 1740 11
1915 1697 2075 1740 corr.
2123 1698 2210 1742 m.
2315 1679 2671 1754 descendit,
2716 1679 2817 1742 vel

319 1777 607 1844 decaesit
659 1777 794 1841 adi.
843 1797 930 1840 m.
1041 1777 1126 1840 26
1179 1775 1538 1857 propriore,
1581 1776 1849 1857 proprio
1899 1794 2149 1840 orem.
2255 1775 2442 1841 Ebbo
2484 1777 2675 1856 (Ibbo
2726 1781 2819 1859 m)

325 1895 612 1962 quoque.
641 1876 724 1940 25
752 1875 864 1959 ex]
895 1874 982 1950 in,
1015 1877 1080 1938 et
1109 1894 1192 1936 m.
1303 1871 1392 1938 Hi
1441 1892 1598 1938 vero
1643 1872 1776 1936 adi.
1807 1893 1884 1936 m.
2004 1873 2087 1937 26
2115 1873 2455 1950 damoneS,
2496 1893 2532 1938 e
2571 1873 2702 1939 adi.
2734 1896 2813 1938 m.

327 1973 558 2050 latere,
580 1973 602 2038 i
623 1993 786 2037 corr.
807 1994 888 2036 m.
979 1971 1354 2055 inhaerere]
1383 1970 1811 2053 adstringere.
1894 1971 1980 2034 27
2006 1971 2447 2037 sermocinare
2474 1973 2815 2038 uobiscum

326 2071 702 2154 (nobiscum
751 2071 844 2154 m)
889 2069 1260 2134 voluerunt.
1364 2069 1448 2132 29
1493 2072 1705 2151 parte.
1787 2069 1871 2131 31
1915 2070 2027 2151 qui
2066 2089 2174 2135 me
2215 2069 2553 2151 paululum
2580 2090 2815 2153 repau-

330 2173 532 2247 saret,
567 2172 644 2234 ut
678 2188 787 2233 me
827 2167 1168 2251 paulolum
1195 2165 1440 2232 faceret
1471 2185 1831 2249 repausare
1862 2188 1942 2230 m.
2030 2167 2116 2230 33
2144 2167 2569 2234 sciscitantes.
2656 2189 2815 2251 qua-

325 2267 480 2343 lem,
512 2266 690 2350 quali
717 2286 802 2330 m.
883 2267 968 2328 35
1008 2265 1212 2330 talem
1242 2264 1651 2347 accipissent.
1735 2265 1822 2329 36
1848 2265 2186 2346 longoreto
2214 2285 2497 2331 nomene
2526 2268 2817 2350 (nomine

323 2367 439 2450 m).
521 2365 614 2428 37
630 2383 750 2447 per
778 2364 1006 2446 culpas
1049 2383 1234 2428 meas
1265 2367 1328 2428 et
1372 2363 1684 2438 facinora,
1714 2382 1834 2445 per
1864 2363 2069 2445 culpis
2110 2365 2277 2428 meis
2306 2369 2375 2429 et
2403 2364 2818 2442 facinoribus.

318 2465 409 2528 38
437 2464 542 2540 ad,
564 2463 653 2528 At
681 2483 766 2528 m.
849 2464 1048 2527 tacto.
1134 2461 1350 2545 queri]
1371 2461 1607 2526 dicere.
1691 2462 1774 2524 41
1796 2461 2261 2544 praesumpsit.
2346 2464 2433 2526 42
2458 2462 2815 2540 consolare,

315 2565 344 2632 i
379 2582 459 2626 m.
570 2561 660 2624 43
697 2559 1032 2644 spiritum]
1075 2578 1284 2642 spem.
1389 2559 1474 2623 44
1500 2559 1840 2636 remeavit,
1869 2558 1913 2622 b
1944 2579 2031 2623 m.
2135 2561 2219 2623 45
2246 2559 2519 2646 Statim]
2549 2561 2816 2639 Contra,

327 2679 500 2745 quae
529 2659 662 2723 adi.
689 2678 772 2724 m.
856 2659 941 2721 46
968 2677 1041 2722 se
1071 2657 1284 2722 simul.
1369 2660 1566 2723 terra.

402 2758 481 2823 P.
509 2758 654 2837 572,
681 2756 740 2837 1,
764 2757 800 2820 1
830 2758 1164 2833 miserum,
1209 2756 1449 2820 misero
1491 2775 1579 2822 m.
1665 2756 1851 2838 pium
1886 2757 2084 2821 deum
2138 2762 2465 2838 rogarent.
2552 2777 2803 2842 nequa·

319 2876 544 2939 quam.
648 2856 694 2917 2
730 2855 994 2919 hostem
1035 2874 1144 2919 me
1184 2852 1350 2935 (adi.
1380 2855 1473 2937 m)
1509 2853 1831 2918 devorare
1872 2854 2307 2936 permitteret.
2404 2856 2448 2918 3
2491 2856 2818 2923 dederunt

319 2954 457 3019 adi.
489 2974 568 3017 m.
656 2955 700 3016 5
727 2952 1243 3029 innumerabiliS,
1273 2970 1316 3015 a
1333 2971 1461 3035 pro
1489 2972 1521 3017 s
1566 2972 1650 3015 m.
1735 2952 2083 3017 infantum.
2166 2954 2209 3016 6
2236 2952 2447 3019 induti
2486 2958 2551 3019 et
2580 2956 2815 3021 ornati.

317 3049 731 3116 concorditer
773 3050 992 3114 deum.
1104 3050 1148 3111 '7
1169 3049 1442 3129 ingressi
1487 3068 1735 3114 sumus,
1840 3050 1884 3113 8
1910 3050 2057 3131 ipsa
2097 3054 2311 3133 porta,
2341 3071 2411 3117 111
2440 3051 2534 3116 bis
2562 3053 2694 3118 adi.
2724 3074 2811 3117 m.

321 3152 487 3225 erat,
516 3149 608 3213 ibi
632 3148 768 3213 adi.
797 3168 883 3212 m.
967 3148 1049 3211 11
1079 3147 1404 3211 dextram.
1490 3148 1576 3211 12
1599 3147 1901 3223 allevam,
1932 3148 2021 3213 ad
2046 3148 2264 3213 levam
2294 3171 2377 3214 m.
2464 3152 2643 3233 quod
2668 3171 2819 3234 per-

317 3248 573 3331 videre]
604 3249 678 3312 ut
704 3246 951 3310 videre.
1038 3246 1121 3308 13
1145 3245 1388 3310 Statim
1411 3248 1487 3310 ut
1515 3246 1668 3330 nos]
1694 3247 1805 3328 qui
1836 3248 1994 3329 (que
2016 3249 2110 3331 m)
2138 3266 2259 3312 nos
2288 3252 2383 3314 ut.
2466 3251 2629 3333 una]
2650 3250 2815 3333 pari.

323 3346 407 3409 14
434 3364 608 3410 nunc
641 3344 758 3409 del.
797 3365 879 3409 m.
967 3345 1050 3408 16
1070 3344 1361 3410 animam
1382 3344 1549 3425 (adi.
1573 3346 1664 3427 m)
1695 3344 1929 3426 ipsam.
2018 3345 2100 3408 19
2118 3349 2314 3427 porta
2336 3346 2516 3413 deest.
2604 3353 2813 3425 erant,

321 3448 468 3510 erat
518 3464 598 3507 m.
707 3444 789 3505 21
838 3442 1251 3507 residentes·
1225 3441 1572 3526 -sedibus]
1617 3442 1998 3507 sedentibus
2041 3444 2111 3507 in
2152 3445 2617 3511 mansiunculis
2661 3447 2816 3512 suiS.

321 3544 413 3607 22
437 3541 536 3607 Ibi
564 3544 650 3606 et.
756 3541 842 3603 23
867 3540 1123 3617 merito,
1166 3538 1384 3605 meriti
1416 3560 1498 3603 m.
1605 3544 1673 3604 et
1713 3541 1989 3621 gemmis
2022 3540 2207 3605 deest.
2311 3544 2394 3605 25
2420 3542 2587 3608 libro
2630 3544 2815 3609 deest.

321 3642 412 3704 26
437 3638 710 3722 magna]
739 3638 1008 3719 grande,
1037 3638 1271 3720 grandi
1302 3658 1384 3701 m.
1489 3638 1580 3701 27
1603 3657 1904 3719 quorum.
2009 3640 2094 3703 28
2120 3638 2227 3704 ille
2248 3640 2661 3718 aedificabat,
2693 3642 2813 3707 illis

324 3737 850 3804 aedificabantur
878 3757 964 3800 m.
1047 3738 1133 3799 29
1157 3735 1501 3809 esuriente,
1532 3736 1554 3799 i
1583 3756 1665 3800 m.
1747 3736 1818 3799 in
1845 3736 2037 3801 terris
2078 3737 2259 3801 deest.
2347 3743 2581 3815 cessat,
2610 3760 2657 3803 n
2684 3740 2815 3805 ade.

325 3858 414 3901 m.
498 3836 583 3899 34
614 3834 942 3899 francardi
973 3838 1092 3898 est.
1179 3834 1318 3899 eius
1339 3834 1574 3897 merito
1597 3832 1778 3916 eam]
1800 3834 2036 3898 merito
2065 3854 2213 3900 eam
2242 3836 2321 3901 ei.
2404 3838 2490 3901 35
2517 3856 2636 3920 ego
2660 3840 2814 3923 etc.]

322 3934 505 4019 quod
532 3934 689 4015 (que
719 3934 811 4014 m)
840 3951 960 4014 ego
1002 3932 1136 3995 vidi
1178 3931 1263 3996 de
1305 3930 1472 3995 illius
1513 3934 1700 4013 gesta
1743 3932 1971 4013 (gestis
2014 3934 2107 4013 m)
2133 3952 2348 4015 pauca
2384 3936 2619 4001 exinde
2646 3937 2815 4002 refe-

317 4052 489 4099 ram.
572 4032 659 4094 36
687 4030 792 4093 ille
815 4049 922 4094 me
951 4029 1291 4112 enutrivit]
1313 4029 1453 4111 ipse
1477 4048 1532 4093 e.
1563 4048 1690 4093 me.
1775 4030 1862 4092 37
1887 4030 2062 4106 Erat,
2095 4032 2269 4095 enim
2293 4033 2426 4099 adi.
2452 4054 2535 4097 m.
2620 4036 2706 4099 38
2730 4036 2813 4100 de

321 4148 534 4206 sacra,
563 4127 647 4191 de
677 4128 794 4191 del.
839 4148 924 4191 m.
1019 4127 1436 4208 relegIonem.
1519 4127 1604 4189 39
1631 4130 1795 4191 nutu
1842 4126 1977 4211 dei]
2006 4128 2197 4193 bone.
2284 4131 2370 4193 42
2392 4134 2698 4214 purgavit
2725 4134 2815 4199 ad

321 4246 585 4313 purum.
691 4229 756 4290 et
779 4228 903 4302 sta,
934 4229 1001 4290 et
1021 4245 1142 4307 per
1171 4226 1300 4289 ista
1327 4244 1409 4288 m.
1515 4224 1600 4288 43
1623 4224 1814 4289 illius,
1919 4225 2082 4290 deus
2104 4228 2237 4291 adi.
2268 4248 2348 4291 m.
2456 4230 2541 4293 44
2568 4234 2812 4313 egressi

322 4326 523 4395 tertia
548 4328 764 4407 porta,
787 4323 1062 4405 ingressi
1092 4322 1356 4387 tertiam
1385 4326 1650 4405 portam
1681 4342 1758 4385 m.
1851 4323 1979 4386 cito
2009 4328 2191 4389 aeter
2216 4326 2370 4407 (iter
2392 4330 2502 4408 m).
2586 4330 2671 4391 45
2700 4331 2810 4413 qui

317 4425 470 4508 (del.
504 4425 597 4504 m)
626 4441 747 4487 nos
777 4425 850 4485 ut
878 4421 1202 4485 viderunt.
1285 4420 1370 4484 46
1397 4420 1727 4484 humiliter
1749 4454 1780 4467 -
1802 4420 1992 4503 voce]
2033 4423 2335 4504 protinus
2374 4442 2447 4488 se
2476 4425 2543 4489 in
2570 4428 2815 4492 oratio·

319 4542 481 4589 nem
511 4520 835 4586 dederunt
864 4518 1056 4584 simili
1085 4538 1265 4583 voce.
1370 4517 1682 4601 diximus]
1713 4518 1996 4582 diximus
2038 4520 2325 4585 clamare
2353 4540 2485 4587 non
2516 4543 2815 4592 cessave-

320 4624 498 4689 runt.
605 4618 692 4681 49
739 4618 1096 4682 mendatio.
1199 4618 1284 4679 50
1333 4616 1658 4692 arbitrari,
1701 4616 2061 4683 arbitratus
2094 4638 2241 4683 sum
2290 4639 2371 4683 m.
2460 4626 2813 4703 resonavit,

320 4722 670 4788 resonaret
713 4734 791 4778 m.
900 4716 980 4778 51
1016 4714 1117 4790 de,
1163 4714 1313 4779 inde
1357 4714 1488 4777 adi.
1533 4734 1614 4779 m.
1702 4716 1789 4778 52
1828 4714 1913 4780 ad
1943 4714 2075 4780 adi.
2108 4738 2188 4782 m.
2293 4722 2814 4802 recognovimus.
