3557 5449
702 457 887 511 emt..
937 457 1141 510 punt„
1191 457 1754 512 aoronorusls.
1798 479 1896 492 —
1947 459 2296 513 Art-sumit
2345 460 2393 513 1.
2635 439 2784 514 245

474 643 643 710 Cum
662 643 889 709 mundi
918 643 1159 710 duram
1181 644 1377 719 vellet
1404 645 1735 712 dimittere
1760 664 1990 712 mram
2283 645 2596 728 (XXVIII.
2633 645 2783 730 142)

474 741 715 807 Etiam
742 746 1093 824 provectae
1118 761 1321 808 canos
1346 762 1665 810 renovare
1693 749 2018 822 senectae,

473 840 855 923 Composuit
874 841 1218 923 pulchrum
1245 860 1455 908 novus
1481 842 1587 907 hic
1613 843 1992 924 patriarcha
2011 843 2448 926 sepulchrum,

346 953 451 1008 435,
468 937 542 1002 In
570 957 701 1021 quo
728 943 1061 1021 pausaret,
1088 959 1241 1005 cum
1267 959 1445 1006 mors
1472 941 1647 1006 hunc
1674 943 2099 1008 exanimaret.

472 1037 665 1102 Hunc
692 1037 882 1102 video
908 1037 1111 1103 ritum
1138 1037 1663 1105 Sarae-tenuisse
1690 1041 2000 1106 maritum

471 1137 729 1218 Arsque
758 1140 1215 1218 senescentum
1243 1137 1369 1220 sibi
1395 1137 1723 1220 praevidit
1739 1144 2260 1205 monumentum.

469 1235 618 1298 Non
645 1234 790 1317 lego
816 1239 1117 1317 pastores
1146 1233 1445 1300 cameras
1464 1229 1743 1302 ornasse
1765 1237 2035 1319 prioreS,

471 1331 605 1396 Nec
630 1331 775 1414 lego
802 1333 887 1397 de
912 1331 1117 1396 muris
1142 1332 1282 1398 fore
1310 1333 1617 1398 sollicitos
1642 1333 1928 1400 ruituris.

341 1447 433 1496 440
469 1429 559 1494 Hi
584 1429 848 1496 voluere
869 1431 992 1496 viri
1018 1431 1143 1495 sub
1166 1431 1520 1514 sarcofagis
1550 1432 1828 1514 sepeliri,

468 1528 697 1612 Deque
723 1527 1063 1611 sepultura
1086 1528 1387 1610 patribus
1418 1528 1537 1592 fuit
1566 1528 1796 1594 intima
1825 1549 2002 1595 cura.

468 1625 685 1704 Quam
710 1644 865 1690 cum
882 1625 1261 1709 patrabant,
1288 1625 1535 1708 aliquid
1565 1626 1683 1691 tibi
1712 1627 2186 1709 significabant,

468 1723 727 1790 Scilicet
749 1727 824 1788 ut
852 1723 1063 1799 fleres,
1091 1743 1241 1789 cum
1272 1724 1404 1788 tale
1426 1724 1637 1789 cubile
1664 1725 1940 1803 videreS,

466 1820 565 1887 Ne
592 1841 714 1904 pro
742 1821 1091 1886 mundanis
1113 1821 1254 1886 sine
1274 1841 1393 1905 spe
1412 1823 1763 1888 morereris
1790 1824 2032 1888 inanis,-

340 1934 431 1985 445
470 1918 662 1985 Hunc
691 1920 874 1984 iuxta
900 1937 1153 1985 morem
1183 1919 1413 1984 secisse
1440 1921 1601 2002 puto
1632 1921 1974 1998 seniorem,

466 2016 747 2096 Quando
766 2016 1142 2100 sepulturae
1164 2017 1473 2100 iungebat
1494 2037 1660 2082 saxa
1686 2017 1965 2093 futurae,

468 2115 723 2181 Scilicet
750 2119 825 2181 ut
852 2115 1058 2190 fleret,
1080 2135 1229 2180 cum
1256 2115 1389 2181 tale
1411 2115 1622 2181 cubile
1643 2115 1897 2182 videret

468 2214 552 2279 Et
576 2213 740 2279 flens
768 2213 1014 2279 deleret
1034 2213 1383 2279 delendum
1408 2214 1714 2298 quicquid
1741 2215 2036 2280 haberet.

427 2389 433 2392 ,
465 2311 590 2377 Hic
608 2311 803 2394 igitur
830 2331 1179 2377 numerum
1199 2313 1424 2377 volens
1448 2331 1761 2394 superare
1794 2313 2066 2389 dierum,
2282 2313 2463 2398 (143)

336 2424 429 2476 450
466 2409 683 2476 Corde
709 2409 936 2474 valens
965 2409 1155 2474 hilari
1181 2410 1397 2492 coepit
1419 2409 1603 2475 febre
1624 2409 1972 2476 debilitari.

459 2507 787 2573 Praesulis
814 2525 967 2589 ergo
994 2507 1261 2573 thorum
1288 2527 1449 2590 grex
1478 2507 1688 2574 ambit
1708 2507 2192 2591 discipulorum,
2277 2509 2458 2592 (144)
2481 2558 2484 2561 -

464 2606 547 2671 Et
576 2606 946 2671 desolatum
976 2625 1048 2671 se
1070 2605 1371 2671 condolet
1390 2610 1547 2671 ante
1566 2607 1935 2688 grabatum.

462 2703 875 2787 Compatitur
902 2693 1111 2787 fragili
1137 2704 1352 2787 pietas
1378 2705 1663 2788 pastoris
1691 2705 1842 2769 ovili
2277 2704 2457 2789 (145)

460 2802 542 2868 Et
561 2802 726 2867 flens
752 2803 1075 2879 hortatur,
1097 2820 1183 2867 ne
1210 2801 1421 2885 legem
1450 2802 1987 2885 transgrediatur.

333 2916 425 2969 ⁴55
466 2900 640 2968 Grex
667 2902 1075 2968 confortatus
1102 2920 1397 2985 sanaque
1426 2902 1558 2967 fide
1589 2902 1906 2968 solidatus
1967 2968 1973 2973 .

459 3000 674 3065 Patris
702 2996 1001 3065 catholici
1030 3000 1266 3065 dextra
1288 3001 1527 3066 meruit
1546 3001 1864 3067 benedici.

456 3098 741 3181 Moxque
768 3098 1199 3164 sacramentis
1228 3098 1507 3163 satiatur
1535 3118 1722 3163 mens
1752 3100 2089 3165 morientis

458 3195 540 3260 Et
564 3196 750 3261 iuxta
775 3215 1029 3261 morem
1051 3196 1266 3278 perdit
1295 3216 1444 3262 cum
1472 3202 1684 3261 morte
1710 3196 2028 3263 laborem.

458 3294 729 3359 Praesul
755 3312 1043 3377 namque
1072 3293 1191 3359 Dei
1218 3299 1453 3360 nactus
1480 3296 1775 3376 requiem
1801 3296 2027 3377 jubilei

326 3407 420 3458 400
458 3392 784 3458 Praecinit
803 3392 871 3456 in
890 3392 1096 3456 niveis
1118 3412 1341 3458 coram
1369 3397 1685 3475 regnante
1710 3393 1984 3459 chorciS.

454 3490 552 3555 De
578 3495 845 3556 centum
866 3490 1017 3556 deni
1040 3494 1195 3556 sunt
1220 3491 1413 3556 huius
1438 3490 1759 3573 praesulis
1789 3491 1964 3568 anni,

456 3587 583 3667 Qui
603 3589 853 3653 meritis
878 3588 1123 3654 nitidus
1148 3589 1542 3671 septembris
1570 3590 1832 3653 transiit
1858 3589 2024 3655 idus.

453 3734 563 3801 Ad
588 3736 771 3801 cuius
798 3736 993 3802 funus
1014 3740 1287 3801 sanatur
1312 3736 1545 3801 debilis
1566 3756 1757 3813 unus,
2271 3736 2502 3819 (XXX.
2535 3736 2683 3822 147)

454 3833 749 3899 Artubus
769 3834 942 3899 elisis
969 3854 1168 3919 quem
1190 3834 1542 3900 damnarat
1560 3834 1902 3917 paralysis.

323 3946 415 3998 405
454 3930 581 3997 Hic
605 3930 695 3997 ad
723 3936 1105 4014 portantum
1134 3936 1445 4015 reparato
1472 3932 1709 3997 robore
1736 3935 2008 3998 cantum

450 4028 713 4095 Prosilit
737 4050 779 4095 a
805 4030 973 4097 lecto
998 4034 1155 4121 post
1178 4031 1373 4095 funus
1396 4030 1641 4113 poplite
1668 4033 1882 4109 rect03

449 4128 535 4193 Et
552 4128 685 4193 duo
711 4128 962 4194 caecati
987 4132 1143 4194 sunt
1167 4128 1255 4193 ad
1276 4126 1591 4194 feretrum
1617 4130 1910 4211 reparati
2265 4128 2528 4210 (XXIX.
2560 4128 2710 4214 146)

450 4225 707 4309 Perque
728 4244 973 4292 novum
994 4225 1217 4291 lumen
1237 4228 1401 4292 rude
1426 4227 1834 4292 confortatur
1859 4245 2159 4293 acumen.

446 4373 671 4440 Inclite
694 4373 969 4453 Mam-ili,
993 4374 1202 4441 nostri
1229 4378 1557 4441 scrutator
1584 4374 1767 4459 asyli,

317 4486 415 4540 m
451 4472 773 4537 Funditus
796 4473 1083 4538 emunda
1110 4492 1233 4538 nos
1259 4474 1607 4539 continuae
1635 4472 1848 4557 precis
1876 4474 2075 4540 unda.

306 4701 311 4707 ·
344 4692 421 4729 ⁴⁴¹
452 4708 617 4762 super
650 4693 847 4761 intima
874 4695 1137 4762 seriptum
1158 4699 1235 4749 est
1276 4712 1297 4747 .·
1329 4694 1419 4749 vel
1440 4693 1653 4749 ultima.
1676 4722 1745 4734 —
1764 4694 1842 4729 ⁴⁶⁸
1873 4697 2194 4763 mmmm
2229 4710 2414 4760 ‘'m-⁹⁶
2433 4694 2763 4763 Faunum

278 4790 437 4830 nan.
458 4789 553 4842 pr.
