3557 5449
608 380 794 432 max..
845 380 1050 433 ruat..
1101 378 1660 433 amonensis.
1715 400 1811 411 -
1860 380 2215 433 sermm
2263 380 2337 431 x.
2560 357 2709 431 269

322 575 396 633 3.
439 567 768 650 Tempore
819 568 1015 651 igitur
1071 567 1334 633 Henrici
1388 567 1789 633 Francorum
1843 567 2016 649 regis
2070 568 2187 651 (1),
2236 567 2349 632 filii
2404 566 2711 632 Rotberti

239 664 500 749 gloriosi
525 666 696 749 regis
722 666 839 749 (2),
879 666 1240 731 Rotbertus
1257 666 1566 749 ‘egregiae
1604 665 1863 731 virtutis
1906 665 2129 731 consul
2164 664 2713 731 Northmanniam

237 764 512 845 regebat
529 764 645 847 (3).
673 764 734 829 ls
762 768 997 845 postea
1021 764 1258 829 orandi
1283 764 1498 847 gratia
1527 764 1615 829 ob
1643 782 1937 830 amorem
1968 763 2231 829 Domini
2257 768 2325 829 et
2351 762 2711 829 Salvatoris

239 861 444 927 nostri
473 880 626 927 mm
651 880 891 944 magno
933 862 1272 927 illustrium
1304 861 1594 927 virorum
1633 862 1951 927 comitatu
2000 861 2527 943 Hierosolymam
2568 880 2713 943 per-

169 975 204 1026 5
237 958 412 1022 rexit
431 958 595 1021 etin
618 957 956 1022 redeundo
983 957 1254 1023 feliciter
1279 958 1510 1034 obiens
1535 957 1655 1041 (4),
1683 957 1983 1024 caelestis
2012 956 2425 1049 Hierusalem
2452 956 2714 1027 moenia
2802 1036 2810 1045 ·

236 1055 506 1120 introire
537 1056 920 1137 promeruit.
946 1056 1209 1121 Revera
1237 1056 1413 1121 enim
1439 1050 1622 1121 cuiu's
1657 1058 1670 1137 Ι
1705 1055 2123 1138 sepulchrum
2152 1056 2321 1121 miro
2348 1054 2713 1120 devotionis

239 1152 476 1217 ardore
501 1153 771 1236 expetiit
813 1156 888 1217 ut
914 1153 1185 1229 videret,
1213 1154 1492 1219 osculari
1517 1156 1868 1235 satageret,
1898 1153 2181 1219 lacrimis
2216 1153 2534 1236 irrigaret,
2574 1152 2713 1217 eius

239 1250 308 1315 in
335 1251 598 1317 caelesti
625 1252 804 1316 curia
831 1251 1114 1317 iocunda
1139 1252 1374 1317 fruitur
1400 1252 1650 1317 visione
1693 1255 1762 1316 et
1802 1257 2123 1335 perpetua
2146 1252 2474 1317 felicitate.
2502 1250 2715 1315 Huius

201 1424 206 1426 ,
237 1348 438 1415 incliti
465 1349 774 1432 principis
801 1349 1208 1433 temporibus
1249 1354 1394 1415 erat
1436 1350 1707 1433 quidam
1749 1369 1834 1415 ex
1868 1350 2267 1433 primatibus
2312 1348 2715 1415 Northman-

135 1466 204 1517 10
229 1440 496 1531 norum,
521 1447 785 1527 nomine
809 1446 1156 1524 Turoldus,
1185 1447 1270 1513 de
1295 1454 1514 1513 castro
1535 1450 1640 1514 cui
1665 1448 1992 1531 praeerat,
2022 1448 2199 1531 quod
2226 1448 2532 1513 Firmitas
2559 1448 2717 1512 dici-

239 1548 369 1622 tur,
395 1545 496 1609 vir
522 1545 724 1617 armis
745 1550 1072 1622 strenuus,
1100 1545 1340 1613 divitiis
1359 1546 1889 1630 opulentus-fide
1916 1550 1983 1611 et
2010 1546 2319 1629 religione
2341 1544 2715 1621 catholicus,

241 1642 660 1709 ecclesiarum
701 1642 822 1709 Dei
861 1647 1122 1737 amator
1161 1644 1440 1710 devotus
1475 1649 1542 1711 et
1581 1664 1738 1728 erga
1780 1638 2121 1711 servorum
2160 1644 2279 1710 Dei
2320 1642 2715 1710 adminicula

125 1736 134 1741 ’
240 1740 510 1823 dapsilis
539 1745 608 1806 et
633 1742 976 1825 benignus.
1187 1800 1191 1803 .

321 1848 393 1905 4.
439 1838 610 1905 Huic
635 1840 806 1905 inter
841 1842 1062 1905 cetera
1093 1840 1406 1906 bonitatis
1445 1859 1605 1906 suae
1633 1840 1853 1907 studia
1878 1841 2029 1907 mos'
2050 1840 2317 1906 inolevit
2356 1844 2433 1907 ut
2458 1843 2715 1906 sancto—

137 1956 205 2008 15
239 1957 389 2009 rum
413 1937 740 2021 reliquias,
769 1939 826 2003 si
867 1957 1034 2021 quas
1061 1939 1349 2021 reperire
1385 1939 1633 2005 valeret
1677 1942 1744 2003 et
1784 1940 1979 2004 certis
2024 1938 2424 2022 quibuslibet
2464 1936 2715 2003 indiciis

240 2056 434 2103 veras
458 2036 686 2119 procul
726 2036 928 2102 dubio
965 2037 1102 2101 fore
1145 2038 1625 2121 comprobaret,
1667 2038 1827 2102 dato
1870 2035 2149 2103 libenter
2190 2038 2421 2121 pretio,
2451 2056 2715 2119 compa-

239 2138 466 2221 taret.⁸
481 2135 766 2200 Noverat
797 2135 974 2201 enim
1013 2135 1173 2201 nihil
1201 2136 1268 2200 in
1315 2136 1594 2201 terrenis
1629 2136 1831 2201 rebus
1870 2136 2102 2201 haberi
2139 2136 2386 2202 felicius
2426 2135 2715 2217 nihilque

243 2233 609 2317 pretiosiuS,
641 2233 732 2298 ad
773 2252 1004 2299 earum
1031 2233 1418 2316 dignitatem
1445 2233 1851 2316 vilipendens
1878 2234 2022 2299 auri
2048 2234 2369 2301 radiantis
2396 2232 2715 2315 fulgorem

241 2336 356 2398 aut
395 2331 777 2407 indicarum,
805 2350 978 2415 quae
1019 2322 1343 2397 humanos
1385 2336 1646 2397 tantum
1686 2332 2022 2397 oblectant
2064 2331 2264 2409 visuS,
2304 2350 2715 2415 gemmarum

131 2447 207 2497 20
244 2430 500 2495 varium
527 2430 964 2512 splendorem.
993 2428 1185 2508 Quod
1215 2430 1409 2507 enim,
1451 2429 1674 2497 divina
1699 2434 2095 2513 cooperante
2134 2430 2367 2513 gratia,
2410 2429 2715 2495 humanis

244 2528 886 2593 incommoditatibus
911 2528 1158 2605 obviat,
1187 2529 1568 2593 morborum
1593 2528 1987 2594 valitudines
2017 2532 2365 2611 temperat,
2394 2526 2713 2609 malignos

243 2626 511 2709 spiritus
571 2626 836 2707 effugat,
891 2631 1228 2709 postremo
1291 2631 1602 2691 aeternae
1663 2627 1893 2691 salutis
1952 2627 2319 2691 remedium
2381 2624 2715 2708 impetrat,

244 2724 471 2808 quanti
497 2724 583 2790 sit
608 2724 802 2807 pretii
829 2726 1142 2809 quantive
1169 2726 1454 2800 honoris,
1475 2726 1622 2808 quis
1643 2724 1859 2790 dicere
1885 2724 1988 2790 v'el
2016 2727 2371 2790 aestimare
2392 2723 2715 2790 sufficiat?

241 2822 349 2888 Ad
375 2823 568 2888 huius
596 2841 750 2905 ergo
791 2828 932 2888 tam
971 2823 1494 2888 excellentissimi
1537 2823 1832 2896 thesauri
1878 2823 2441 2906 comparationem
2482 2826 2719 2888 cuncta

135 2939 205 2990 25
243 2921 472 2986 mundi
496 2921 834 2997 vilescunt,
857 2941 1027 3004 quae
1053 2921 1214 2986 nihil
1240 2922 1478 2987 horum
1504 2921 1724 2987 valent
1745 2921 2041 2987 conferre
2066 2922 2412 2986 bonorum.

325 3029 397 3085 5.
463 3019 598 3085 Sed
649 3022 726 3084 ut
779 3019 870 3083 ad
923 3019 1263 3102 proposita
1324 3021 1692 3097 redeamus,
1749 3039 1841 3108 ea·
1884 3023 2283 3102 tempestate
2346 3017 2581 3096 accidit
2644 3023 2719 3084 ut

240 3117 714 3184 monasterium
741 3117 1102 3182 beatissimi
1129 3117 1410 3200 nganii
1445 3117 1833 3191 confessoris
1862 3115 2103 3183 Christi
2134 3118 2201 3182 in
2228 3115 2516 3192 castell0,
2539 3116 2717 3199 quod

240 3217 414 3281 Lens
431 3219 724 3292 vocatur,
750 3215 1094 3296 repentino
1129 3222 1144 3296 Ι

334 3312 556 3378 Cetera
595 3311 839 3377 dmm.

309 3527 384 3589 (1)
419 3525 522 3580 An.
556 3526 860 3580 lusi-1060.
901 3555 962 3564 —
1003 3529 1076 3590 (2)
1111 3528 1214 3582 An.
1251 3528 1526 3582 996-1031.
1568 3556 1632 3565 —
1679 3528 1754 3590 (3)
1788 3527 1894 3582 An.
1942 3527 2245 3582 ion-1135.
2287 3558 2352 3568 -
2398 3527 2471 3589 (4)
2516 3525 2718 3581 Nicone

238 3622 464 3676 nempe,
485 3607 572 3662 dio
590 3608 629 3661 2
649 3607 767 3662 iulii
791 3609 940 3663 1035.

2874 1072 2911 1125 s.
2932 1072 3076 1126 3322
