3557 5449
933 363 1330 457 amiseris
1383 367 1428 456 A
1477 387 1833 457 sassoms
1885 405 1973 458 ns
2026 407 2277 460 rouns.
2704 388 2849 462 313

371 589 440 655 et
468 593 740 674 propter
779 611 1004 658 curam
1033 593 1275 659 saeculi
1318 593 1388 669 in
1413 594 1746 677 publicum
1772 595 2139 679 prosiliunt.
2166 595 2423 662 Bonum
2451 596 2645 680 igitur
2672 600 2849 682 quod

371 692 576 772 agunt
595 689 664 754 in
683 689 936 757 occulto
959 695 1305 773 ponentes,
1321 691 1534 758 lucem
1553 694 1709 778 boni
1735 694 2023 777 exempli
2049 694 2366 778 proximis
2388 697 2801 762 abscondunt
2822 719 2849 762 -:

371 786 612 852 saeculi
638 806 798 853 vero
823 807 1060 854 causas
1087 789 1228 854 sine
1344 790 1554 856 tiones
1581 791 1650 855 in
1675 791 1938 874 publico
1968 797 2238 875 agentes
2266 793 2642 858 mortiferae
2671 795 2851 878 cupi-

371 884 596 950 ditatis
635 905 962 952 venenum
1003 886 1262 969 publice
1289 907 1517 954 eorum
1559 889 1866 956 cordibus
1908 890 2277 958 infundunt.
2304 891 2403 956 Te
2434 911 2586 974 ergo
2629 893 2848 975 ipsum

297 997 334 1049 5
369 1001 493 1048 nec
511 1001 775 1068 semper
797 990 1129 1051 remotum
1149 1005 1272 1051 nec
1298 1003 1560 1069 semper
1581 988 1649 1052 in
1667 988 1929 1070 publico
1958 989 2736 1074 decernas-Sedquando
2777 995 2847 1057 te

367 1085 699 1148 remotum
727 1102 874 1149 esse
900 1085 1201 1163 volueris,
1245 1084 1424 1170 omni
1452 1085 1750 1152 custodia
1777 1105 1971 1153 serva
1997 1087 2332 1175 teipsum,
2360 1089 2583 1154 omnia
2622 1089 2844 1154 divina

366 1179 784 1248 observando
811 1187 1186 1265 praecepta.
1215 1183 1296 1248 Et
1340 1183 1604 1266 quando
1643 1184 1712 1249 in
1749 1178 2085 1268 publicum
2119 1187 2536 1268 processeris,
2578 1189 2666 1253 ad
2706 1188 2843 1253 ani-

367 1299 630 1345 marum
657 1279 956 1370 salutem,
983 1301 1120 1347 non
1145 1281 1233 1347 ad
1259 1282 1452 1348 huius
1494 1283 1723 1349 mundi
1748 1283 2061 1350 inhiando
2090 1285 2273 1350 lucra
2310 1285 2604 1350 animum
2631 1286 2847 1366 inten÷

271 1405 274 1410 ·
365 1381 512 1444 tum
551 1378 882 1445 adhibeto,
924 1379 1060 1445 Sed
1087 1383 1155 1446 et
1183 1380 1238 1445 si
1267 1381 1413 1463 quis
1441 1381 1560 1446 tibi
1600 1383 1816 1465 prima
1842 1401 1961 1448 ora
2004 1383 2133 1448 diei
2174 1383 2351 1448 dona
2390 1383 2737 1449 contulerit
2778 1388 2845 1450 et

261 1487 329 1540 10
365 1480 526 1542 ante
576 1495 926 1560 vesperum
981 1477 1418 1562 poenituerit,'
1445 1480 1614 1544 sicut
1665 1480 1879 1546 libens
1934 1481 2301 1564 suscepisti,
2355 1481 2450 1546 ita
2502 1481 2727 1546 hilaris
2784 1481 2843 1547 ei

363 1575 654 1640 restitue.
701 1575 963 1641 Nullam
1013 1596 1274 1661 quoque
1321 1578 1411 1643 ad
1458 1578 1835 1660 patrimonii
1891 1578 2277 1656 custodiam,
2332 1579 2713 1663 nullamque
2754 1579 2844 1646 ad

363 1691 594 1740 curam
617 1673 810 1740 huius
829 1674 1071 1740 saeculi
1098 1675 1332 1748 intenti
1353 1675 1566 1742 cordis
1593 1676 1996 1760 diligentiam
2024 1677 2364 1755 adhibeas,
2392 1677 2512 1744 sed
2538 1679 2843 1745 omnibus

363 1772 870 1840 adversantibus
897 1773 1002 1839 vel
1021 1775 1364 1840 contrariis
1385 1775 1532 1858 puri
1551 1774 1837 1858 pectoris
1864 1776 2285 1859 indulgentia,
2302 1776 2481 1842 bona
2506 1796 2629 1859 pro
2648 1776 2840 1844 malis

361 1871 754 1953 rependens,
780 1889 902 1954 pro
951 1871 1226 1937 inimicis
1267 1891 1601 1938 summum
1641 1873 1939 1957 supplica
1966 1873 2179 1939 Deum
2208 1897 2227 1938 z
2269 1874 2381 1956 qui
2411 1873 2586 1940 enim
2626 1874 2841 1941 cordis

261 1975 325 2030 15
359 1969 620 2053 paccati
643 1967 985 2036 lenitatem
1011 1971 1354 2037 contrariis
1383 1975 1450 2037 et
1491 1971 1616 2037 sibi
1653 1972 2110 2038 resistentibus
2136 1971 2431 2038 illaesam
2462 1974 2840 2053 servaverit,

359 2066 656 2134 omnium
697 2068 987 2134 ferarum
1029 2073 1096 2135 et
1135 2069 1498 2135 bestiarum
1525 2070 1934 2135 ferocitatem
1975 2071 2045 2136 in
2086 2071 2661 2136 mansuetudinem
2688 2090 2841 2137 con-

359 2167 578 2232 vertit.
605 2165 870 2232 Nullum
901 2167 1078 2232 enim
1105 2167 1262 2234 boni
1289 2168 1508 2251 operis
1535 2167 1927 2234 sacrificium
1968 2169 2061 2234 sic
2098 2167 2237 2234 Deo
2276 2168 2681 2251 acceptabile
2722 2173 2840 2236 aut

360 2265 718 2348 probatum
753 2263 874 2343 es't,
903 2285 1117 2350 quam-
1132 2267 1591 2350 patientissimi
1619 2266 1833 2332 cordis
1860 2271 2093 2332 contra
2118 2285 2351 2333 omnes
2376 2267 2647 2332 iniurias
2675 2267 2839 2333 leni-

357 2362 518 2429 tatis
542 2363 1003 2442 mansuetudo,
1031 2384 1152 2447 per
1179 2383 1382 2448 quam
1404 2363 1626 2430 omnia
1653 2364 1937 2430 adversa
1964 2384 2043 2430 ac
2070 2363 2318 2430 damna
2347 2366 2533 2448 quasi
2562 2365 2745 2431 lucra
2772 2369 2840 2431 et

255 2475 324 2528 a>
359 2479 682 2546 prospera
699 2481 821 2545 spe
839 2461 1102 2528 futurae
1119 2463 1666 2530 remunerationis
1677 2463 1909 2540 laetus,
1920 2462 2189 2529 iuvante
2198 2461 2480 2528 Domino
2494 2465 2535 2540 ¹,
2550 2463 2841 2547 suscipit.

359 2557 508 2626 Duo
555 2559 731 2626 enim
779 2559 1112 2626 humanae
1161 2561 1424 2627 animae
1471 2561 1710 2627 inimici
1761 2579 1907 2626 esse
1954 2561 2323 2643 probantur
2364 2583 2382 2625 :
2421 2559 2724 2627 diabolus
2772 2565 2841 2626 et

357 2656 665 2738 mundus,
687 2661 754 2723 et
773 2661 1226 2743 unusquisque
1251 2659 1536 2726 vicissim
1555 2658 1825 2727 alterius
1846 2658 2259 2726 dilectionem
2280 2659 2589 2737 insinuat,
2616 2662 2693 2724 ut
2717 2677 2841 2742 per

355 2756 485 2823 hoc
525 2757 704 2842 quod
731 2758 956 2825 anima
981 2759 1212 2823 mundi
1251 2759 1444 2825 huius
1485 2758 1925 2825 substernitur
1964 2758 2286 2837 illicebris,
2329 2758 2416 2825 ab
2458 2757 2839 2823 adversario

353 2856 580 2922 vincta
605 2858 674 2921 et
697 2876 1008 2940 possessa
1035 2861 1358 2923 teneatur.
1394 2907 1420 2935 „
1453 2856 1640 2922 Haec
1665 2860 1734 2923 et
1757 2856 2011 2940 reliqua
2038 2875 2211 2939 quae
2238 2857 2329 2922 ab
2372 2874 2452 2921 eo
2478 2856 2841 2921 audieban-

251 2966 323 3019 25
355 2958 484 3033 tur,
523 2957 592 3020 et
617 2954 826 3021 multa
853 2954 983 3022 alia
1011 2975 1184 3039 quae
1211 2954 1522 3021 divinitus
1549 2956 1612 3020 ei
1638 2955 1961 3037 inspirata
2002 2954 2322 3021 didicerat
2364 2956 2565 3037 atque
2608 2952 2837 3019 catho-

353 3052 496 3119 licis
521 3052 704 3119 libris
731 3053 998 3137 legerat,
1019 3054 1325 3120 omnibus
1351 3053 1801 3135 praedicabat.

439 3150 562 3217 His
613 3151 748 3218 -rite
797 3152 1019 3235 gestis,
1077 3144 1448 3219 antedictus
1503 3154 1771 3217 sanctus
1824 3150 2170 3217 Romanus
2223 3149 2505 3216 nobilior
2560 3149 2838 3215 caeteris

357 3249 631 3315 effectus
679 3250 930 3316 cunctis
985 3250 1415 3334 praedicabat
1456 3250 1821 3317 remedium
1869 3248 2333 3333 poenitentiae,
2376 3252 2445 3314 et
2484 3248 2726 3313 multos
2774 3250 2845 3313 et

353 3346 868 3413 innumerabiles
895 3349 984 3413 ab
1013 3348 1344 3413 erroribus
1357 3349 1386 3388 ²
1413 3348 1735 3413 salvabat.
1763 3347 2083 3430 Denique,
2118 3346 2351 3430 angelo
2398 3347 2843 3421 ammonente,

253 3455 324 3508 ao
354 3444 547 3527 petiit
572 3447 663 3513 ab
691 3445 1000 3530 episcopo
1027 3464 1150 3511 suo
1173 3446 1506 3511 licentiam
1533 3440 1678 3511 'dari
1714 3445 1785 3511 in
1826 3444 2227 3511 Romaniam
2268 3446 2701 3520 transmeare,
2730 3442 2845 3508 ubi

285 3546 290 3549 ’
354 3542 482 3627 piis
531 3544 838 3626 precibus
894 3544 982 3611 ad
1034 3542 1262 3609 limina
1311 3548 1690 3609 sanctorum
1739 3543 1921 3608 Petri
1973 3547 2042 3608 et
2081 3541 2269 3609 Pauli
2316 3544 2383 3607 et
2430 3544 2845 3610 caeterorum

357 3644 739 3730 sanctorum
779 3642 1188 3709 orationibus
1215 3646 1504 3709 vacaret.
1524 3642 1650 3721 Qui
1679 3642 1764 3707 ad
1794 3642 1962 3707 haec
1988 3640 2330 3725 respondit
2358 3639 2582 3705 dicens
2608 3658 2743 3704 non
2770 3658 2847 3704 se

357 3740 780 3807 dimissurum
809 3760 984 3819 eum,
1009 3742 1138 3807 nisi
1165 3761 1246 3807 eo
1274 3745 1430 3806 voto
1458 3741 1746 3806 vovisset
1771 3742 2013 3805 iterum
2038 3738 2301 3805 reverti.
2322 3738 2469 3817 Quo
2488 3737 2738 3815 audito,
2764 3739 2844 3802 ut

357 3838 658 3916 decebat,
692 3838 1001 3923 episcopo
1029 3858 1152 3905 suo
1179 3839 1494 3905 obediens
1517 3838 1776 3904 Domini
1804 3838 2011 3903 atleta
2029 3837 2208 3903 vovit
2232 3836 2458 3901 dicens
2488 3834 2847 3901 auxiliante

253 3946 326 3998 35
357 3936 640 4003 Domino
666 3956 1085 4003 reversurum
1113 3956 1186 4003 se
1215 3956 1388 4013 esse;
1418 3941 1783 4019 petensque
1826 3936 1965 4011 eius
2006 3933 2529 3999 benedictionem
2560 3933 2847 3998 directus

361 4038 462 4101 est
489 4034 578 4101 ab
607 4054 688 4100 eo
713 4054 864 4101 cum
893 4055 1078 4118 pace.
1107 4034 1312 4101 Nobis
1339 4043 1565 4102 autem
1585 4034 1851 4117 longum
1870 4036 1975 4099 est
2002 4050 2313 4099 enarrare
2338 4035 2590 4115 quanta
2610 4034 2751 4097 tam
2778 4030 2848 4097 in

362 4133 582 4199 eundo
611 4152 814 4217 quam
839 4132 989 4199 illuc
1017 4132 1257 4199 stando
1285 4151 1404 4198 seu
1443 4130 1837 4198 revertendo
1863 4150 1985 4213 per
2014 4148 2165 4195 eum
2194 4128 2513 4195 Dominus
2540 4128 2847 4212 dignatus

363 4236 466 4297 est
491 4231 754 4315 operari
793 4230 1126 4297 miracula.
1155 4229 1290 4295 Sed
1333 4230 1549 4296 adhuc
1589 4227 2045 4313 potentissime
2072 4228 2259 4311 operi
2300 4228 2596 4293 eiusdem
2624 4226 2845 4291 divino

265 4330 268 4335 ’
365 4330 767 4413 iungendum
807 4333 910 4394 est
958 4329 1367 4394 miraculum.
1407 4328 1690 4393 Veniens
1739 4330 1961 4391 autem
2006 4326 2398 4392 revertendo
2438 4345 2481 4391 a
2523 4325 2742 4391 Roma
2784 4324 2851 4389 in

366 4447 614 4512 pagum
653 4428 1218 4505 vindocinensem,
1259 4427 1329 4492 in
1369 4426 1522 4491 villa
1560 4445 1731 4509 quae
1782 4423 2016 4490 dicitur
2072 4424 2439 4489 Mauriacas
2478 4424 2595 4507 (1),
2650 4441 2849 4504 super

438 4576 461 4611 ¹
479 4576 596 4630 Deo
623 4574 672 4629 Β
690 4580 819 4629 ante
839 4590 984 4629 corr.
1008 4602 1077 4615 —
1101 4576 1124 4609 ²
1141 4590 1331 4629 errore
1353 4572 1400 4629 Β
1415 4579 1542 4629 ante
1561 4588 1706 4628 corr.

441 4725 518 4787 (1)
551 4722 833 4778 Peut—otre
855 4722 1058 4787 floreo,
1081 4722 1480 4787 Lon-etcher,
1495 4738 1604 4777 arr.
1626 4722 1695 4777 de
1714 4720 2019 4781 Vendome,
2038 4718 2190 4773 ch.·l.
2210 4718 2280 4771 de
2298 4722 2517 4772 canton.
