3557 5449
661 3189 666 3194 ·
765 3157 836 3223 in
860 3157 1059 3224 horis.
1149 3157 1234 3222 42
1259 3157 1460 3235 ttalis,
1488 3157 1662 3222 italis
1689 3177 1774 3224 m.
1872 3157 1959 3222 47
1983 3175 2237 3224 cronos.
2332 3157 2418 3220 50
2444 3157 2778 3231 conanter,
2804 3157 3133 3220 conantur
3159 3175 3250 3218 ιιι.

767 384 920 461 280
1383 406 1867 463 comunem
1914 407 2013 463 m
2060 408 2163 463 ss.
2214 408 2659 465 Aucus-rma

764 614 850 660 m.
973 594 1064 659 42
1087 596 1572 681 quaesiverunt.
1693 598 1781 662 43
1804 596 2131 683 fingentis.
2252 599 2341 665 48
2360 597 2953 675 conversationem,
2978 600 3057 663 at
3082 618 3259 663 ms.
3501 664 3502 671 ,

765 694 950 777 1050,
1017 696 1062 759 4
1129 714 1284 761 eum
1350 694 1536 761 dont.
1685 698 1731 761 5
1798 696 2117 775 delerant,
2191 696 2477 765 delirant
2542 718 2627 761 ιιι.
2786 698 2871 762 10
2938 698 3257 774 vidimus,

763 790 1066 861 videmus
1095 814 1174 859 m.
1305 794 1385 859 11
1427 796 1809 879 antequam,
1838 800 2018 863 esset
2056 795 2191 861 adi.
2220 818 2305 861 n.
2430 796 2517 861 13
2538 796 2819 880 publice.
2902 796 2989 859 23
3024 795 3263 861 subdi-

765 890 1028 970 bantur,
1057 911 1096 957 e
1123 912 1290 958 corr.
1317 912 1406 960 m.
1517 894 1606 959 24
1623 892 2091 978 hierusolyma.
2200 896 2293 959 33
2310 894 2743 978 susciperant.
2856 894 2945 957 34
2970 894 3265 959 arbitra-

763 990 1028 1068 bantur,
1057 990 1464 1058 arbitrantur
1491 1010 1661 1058 corr.
1687 1012 1774 1058 m.
1868 993 1957 1057 36
1982 1012 2250 1078 paenes.
2342 992 2429 1057 45
2448 992 2709 1059 rumuli.
2800 993 2889 1055 50
2912 1010 3263 1059 manuum.

761 1089 848 1151 51
897 1090 1708 1173 quarum,ainooras.
1798 1092 2377 1177 53perpetrabat.
2470 1092 2731 1175 56qui.
2830 1091 3072 1175 58et]
3120 1094 3265 1157 ant.

763 1188 1026 1267 1051,2
1067 1188 1306 1255 beatus
1355 1188 1931 1267 factumbeatos
1981 1190 2271 1257 facturos
2318 1210 2405 1257 οι.
2486 1192 2531 1253 5
2576 1188 2923 1266 alilmdi,e
2970 1209 3265 1253 conam.

759 1284 999 1370 adque,
1029 1290 1232 1371 atque
1281 1306 1364 1352 m.
1463 1288 1548 1353 13
1591 1306 1903 1355 romanos
1950 1288 2083 1353 adi.
2114 1309 2199 1355 n·-
2282 1288 2367 1355 16
2413 1290 2789 1355 venturum.
2870 1288 2963 1353 17
2992 1286 3265 1371 praedi-

759 1388 1018 1453 xerant.
1107 1386 1282 1469 quia.
1389 1385 1499 1462 ab,
1540 1386 1629 1453 ab
1671 1406 1839 1452 ema
1948 1388 2037 1453 23
2064 1387 2351 1453 chrima
2404 1405 2618 1471 grece.
2726 1387 2813 1449 ὣ
2838 1384 3267 1469 deputatam.

759 1483 846 1547 51
870 1482 1312 1567 deletumque.
1423 1484 1514 1550 52
1549 1502 1671 1569 per
1697 1484 1884 1551 deest.
1994 1488 2083 1551 53
2108 1487 2177 1551 in
2214 1486 2343 1564 illo,
2370 1486 2441 1551 in
2466 1476 2629 1551 ads.
2744 1486 2831 1549 56
2854 1484 3265 1567 recipe-unt.

763 1582 952 1663 1052,
997 1581 1044 1647 3
1086 1582 1372 1648 nomine.
1418 1582 1762 1649 vertenda.
1862 1582 1945 1649 18
1992 1584 2211 1651 adhuc
2256 1584 2502 1650 miseri.
2596 1584 2685 1647 22
2728 1602 2883 1667 quo,
2936 1582 3125 1666 quod
3172 1602 3263 1648 m.

762 1680 848 1745 23
873 1683 1040 1747 arte.
1153 1680 1236 1744 24
1261 1679 1476 1765 Sicut]
1501 1680 1594 1759 Si,
1623 1682 1718 1747 sic
1745 1700 1827 1747 m.
1942 1682 2029 1747 w
2052 1681 2524 1761 condederunt,
2550 1681 2576 1747 i
2614 1701 2783 1747 corr.
2809 1703 2897 1748 m.
3010 1682 3101 1745 41
3126 1680 3265 1764 Ac]

759 1778 906 1845 hac.
989 1778 1078 1843 42
1099 1782 1472 1845 neccontra.
1637 1778 1825 1861 1053,
1852 1780 1899 1845 2
1920 1780 2443 1857 mussitantibus,
2460 1781 2755 1865 pn‘mnm
2778 1800 2813 1847 s
2840 1800 3010 1845 σοι.
3096 1780 3145 1843 7
3160 1798 3263 1855 se,

761 1877 816 1943 si
853 1896 934 1943 m.
1037 1877 1447 1961 conplentur,
1475 1876 1751 1942 alterum
1775 1897 1827 1944 n
1850 1879 1983 1945 adi.
2014 1900 2097 1946 m.
2194 1880 2283 1943 22
2306 1878 2505 1965 quod,
2532 1896 2701 1963 quos
2725 1899 2815 1943 m.
2916 1877 3001 1941 24
3028 1878 3265 1943 existi-

759 1974 1046 2042 mandus
1093 1994 1258 2041 eras.
1299 1978 1368 2040 in
1417 1976 1851 2043 existimatus
1982 1978 2067 2042 35
2106 1977 2373 2061 pallore,
2422 1978 2447 2042 i
2500 1996 2670 2042 corr.
2727 1996 2809 2041 ιιι.
2946 1976 3261 2059 agathys·

758 2074 850 2139 36
893 2092 1108 2141 cacus,
1191 2074 1276 2139 40
1320 2074 1468 2159 aut]
1512 2074 1637 2141 vel.
1719 2074 1808 2141 43
1852 2076 1911 2143 si
1960 2076 2145 2153 acoli,
2196 2095 2271 2143 se
2324 2074 2451 2142 coli
2496 2095 2664 2141 corr.
2712 2094 2799 2140 οι.
2966 2075 3157 2155 1054,
3210 2076 3253 2139 1

761 2172 1162 2240 flncxissent.
1283 2174 1328 2237 3
1376 2172 1484 2250 illi,
1533 2172 1641 2239 ille
1689 2193 1774 2239 n·-
1885 2176 1930 2239 6
1976 2174 2505 2241 benivolentiam.
2625 2174 2709 2237 15
2754 2174 2906 2249 sint,
2956 2175 3119 2239 stmt
3164 2191 3255 2237 m.

763 2272 850 2337 18
893 2290 1018 2337 nec
1073 2271 1312 2349 ledere,
1368 2270 1706 2357 neclessere
1762 2292 1849 2339 m.
1959 2272 2045 2338 19
2094 2272 2431 2350 ledendos,
2488 2272 2827 2339 dedendos
2879 2291 2967 2338 n.
3078 2270 3256 2337 illae.

759 2370 850 2435 22
872 2370 1114 2447 dicant,
1141 2370 1358 2437 dicam
1385 2390 1472 2437 m.
1583 2371 1668 2436 28
1693 2368 2013 2450 videmus,
2040 2370 2323 2437 vidimus
2352 2392 2437 2449 m,
2464 2371 2765 2437 videmus
2792 2372 2907 2435 ²¹⁸¹.
3014 2369 3252 2435 diamt

762 2468 982 2535 deum.
1083 2469 1177 2532 37
1187 2476 1500 2535 'eversum
1529 2468 1639 2555 iri]
1665 2488 1997 2537 eversura.
2100 2470 2187 2535 57
2212 2470 2409 2547 facta,
2436 2468 2593 2535 ficta
2615 2490 2705 2535 αι.
2882 2469 3145 2549 1055,1
3169 2471 3253 2533 nt

761 2567 897 2633 adi.
944 2588 1030 2633 m.
1157 2570 1200 2631 5
1245 2566 1606 2652 praedicta,
1653 2572 2013 2652 praecepta
2061 2588 2143 2633 ιι.
2273 2569 2356 2633 16
2402 2568 2739 2636 dacorum.
2848 2568 2934 2631 ὦ
2980 2566 3248 2651 eorum]

760 2663 1038 2731 illorum.
1247 2665 1562 2747 1056,17
1607 2663 1815 2750 Tum]
1872 2662 2059 2734 Cum.
2182 2664 2521 2732 imbrebus
2577 2684 2739 2730 oras.
2780 2663 2853 2728 in
2900 2662 3251 2729 imbribus.

762 2763 849 2827 18
873 2764 1227 2847 coniungis,
1255 2783 1302 2830 n
1329 2783 1492 2828 eras.
1600 2762 1687 2829 24
1713 2763 1938 2848 igitur]
1981 2782 2156 2847 ergo.
2264 2763 2349 2828 31
2376 2763 2643 2832 mimica
2668 2782 2833 2828 eras,
2862 2763 2934 2826 in
2958 2761 3251 2828 inimica.

763 2861 849 2927 36
865 2861 1261 2945 plenissime.
1373 2861 1453 2926 41
1475 2880 1726 2945 cycem.
1837 2862 1923 2926 43
1942 2861 2321 2938 tusculanis,
2342 2861 2697 2928 tusculanis
2726 2881 2807 2925 m.
2918 2864 3249 2942 tanquam

765 2960 944 3026 deest.
1061 2961 1146 3026 44
1190 2961 1522 3026 conscium
1568 2959 1752 3026 deest.
1863 2961 1949 3026 46
1998 2961 2110 3044 qui
2158 2959 2489 3026 habentur
2526 2959 2711 3024 deest.
2816 2959 2902 3023 49
2942 2977 3017 3024 es
3057 2957 3249 3024 deest.

767 3059 950 3140 1057,
997 3060 1042 3123 8
1083 3059 1202 3136 sid,
1253 3059 1372 3125 sed
1419 3079 1506 3124 m.
1586 3058 1674 3122 30
1711 3059 1999 3137 homine,
2044 3058 2293 3124 homini
2341 3079 2426 3124 m.
2509 3057 2595 3122 39
2630 3056 2901 3123 latuisse
2948 3061 3019 3121 et
3063 3060 3249 3122 totus

763 3255 848 3318 54
903 3274 1059 3322 suos
1114 3254 1296 3320 deest.
1491 3254 1676 3334 1058,
1731 3255 1776 3318 3
1830 3273 2095 3322 cronon.
2206 3253 2387 3321 velut
2434 3252 2821 3319 intellectus.
2940 3254 2985 3316 4
3033 3270 3249 3319 coros.

761 3355 807 3418 5
847 3373 992 3421 nus.
1106 3354 1151 3417 8
1177 3353 1351 3420 enim
1381 3352 1567 3419 deest.
1680 3353 2067 3437 91uppitur,
2098 3372 2137 3418 e
2166 3372 2327 3417 corr.
2359 3371 2441 3416 m.
2557 3351 2641 3416 14
2666 3369 2889 3434 quam.
3001 3352 3085 3415 15
3112 3355 3251 3417 ten-

762 3472 927 3520 rena
952 3456 1022 3518 et
1049 3451 1374 3519 caelestia.
1477 3451 1561 3516 21
1591 3451 1919 3535 capitulla.
2022 3452 2107 3515 49
2132 3451 2626 3516 constituerent.
2714 3449 2802 3514 53
2826 3449 3251 3514 crebleocen·

763 3551 942 3616 tibus
997 3571 1158 3616 eras.
1213 3552 1284 3616 in
1346 3549 1659 3616 crebrius.
1852 3550 2039 3632 1059,
2098 3553 2139 3612 1
2194 3548 2505 3614 colel-are.
2612 3547 2659 3610 5
2722 3566 2995 3612 suomm
3060 3546 3252 3613 deest.

766 3649 854 3712 12
889 3649 1052 3716 illas,
1165 3650 1247 3714 16
1287 3648 1550 3726 saeculi,
1577 3667 1651 3713 se
1691 3647 1815 3714 coli
1869 3667 1953 3713 m.
2064 3647 2539 3730 praeciperent.
2648 3646 2736 3710 22
2778 3664 3013 3710 verum
3062 3645 3251 3710 deest.

763 3747 850 3810 28
865 3746 1038 3831 istis]
1060 3747 1174 3813 εἰς.
1281 3746 1370 3810 32
1389 3765 1534 3812 esse
1561 3745 1745 3812 deest.
1854 3746 1937 3811 41
1958 3745 2295 3828 seginitae,
2324 3763 2367 3809 a
2393 3763 2467 3809 se
2494 3744 2755 3827 genitae
2780 3763 2864 3807 m.
2974 3742 3069 3807 42
3090 3744 3251 3808 her-

762 3845 922 3912 culis
968 3845 1302 3912 Iunomen.
1415 3845 1500 3910 54
1554 3844 1957 3928 prohibetus,
2014 3843 2037 3908 i
2094 3863 2261 3908 corr.
2318 3863 2404 3907 m.
2597 3842 2783 3924 1060,
2830 3841 2873 3906 4
2921 3841 3091 3906 dens
3140 3842 3251 3907 sit.

762 3947 806 4009 5
862 3945 1172 4028 quolibet.
1290 3941 1650 4026 respondit.
1777 3944 1857 4006 11
1914 3960 2095 4008 enoc.
2206 3940 2291 4006 13
2345 3940 2643 4006 abraam.
2766 3939 2851 4002 18
2901 3939 3251 4022 populum.

763 4044 848 4108 23
897 4047 999 4108 est
1045 4041 1230 4107 deest.
1313 4042 1397 4104 26
1449 4041 1614 4125 iam]
1663 4043 1824 4108 tam.
1906 4039 1992 4103 33
2044 4043 2332 4105 exortus,
2414 4039 2499 4103 34
2551 4041 2845 4121 nepotes,
2930 4037 3019 4101 43
3064 4039 3249 4121 quod

765 4141 1172 4218 christianos,
1223 4141 1402 4223 quod
1447 4159 1490 4206 a
1539 4139 1909 4206 christianis
1957 4140 2069 4203 m¹.
2182 4138 2268 4201 56
2312 4137 2786 4221 prophetarum
2840 4141 3249 4204 nostrorum.

764 4241 854 4304 57
871 4242 1153 4322 potaret,
1184 4258 1216 4304 r
1243 4238 1377 4303 adi.
1409 4239 1518 4302 m¹.
1707 4237 1893 4318 1061,
1919 4237 1963 4299 6
1990 4237 2305 4313 finxisset,
2332 4255 2501 4300 corr.
2529 4255 2611 4300 m.
2709 4235 2795 4298 25
2821 4235 3251 4302 emmanuhel

767 4337 877 4403 bis.
961 4337 1044 4400 44
1071 4337 1552 4419 blasphemare.
1648 4335 1733 4399 48
1755 4334 2021 4400 interim
2046 4338 2141 4400 ut.
2230 4335 2317 4398 51
2344 4333 2419 4410 si,
2448 4333 2545 4398 sic
2571 4353 2652 4397 m.
2823 4333 2993 4396 1062
3016 4337 3253 4399 tamen

763 4434 1082 4510 videnter,
1110 4453 1276 4498 corr.
1299 4435 1406 4496 m1.
1517 4433 1603 4497 12
1626 4431 1937 4498 serviunt.
2043 4431 2125 4493 17
2148 4433 2381 4496 tatam.
2486 4432 2556 4494 et
2580 4429 2765 4494 deest.
2846 4429 2936 4492 23
2956 4430 3255 4495 confi-in-

764 4537 972 4615 getur.
1054 4532 1141 4596 30
1164 4532 1396 4597 lucem.
1480 4531 1567 4595 39
1592 4531 1948 4605 remittam,
1978 4529 2308 4594 dimittam
2334 4547 2499 4592 corr.
2522 4547 2607 4592 m.
2690 4526 2772 4589 41
2790 4529 3255 4594 resurrexerit.
3501 4599 3502 4612 χ

765 4631 852 4695 45
885 4629 1167 4695 sabaoth
1194 4629 1280 4694 in.
1388 4631 1454 4693 et
1489 4647 1688 4711 super
1713 4627 1834 4710 (sic
1870 4646 2111 4711 semper
2146 4645 2342 4711 usque
2375 4623 2471 4690 ad
2508 4626 2623 4690 lin.
2650 4624 2783 4707 50).
2982 4625 3172 4707 1063,
3206 4627 3257 4689 2
3501 4621 3502 4664 l

766 4727 1198 4794 abscondant.
1280 4727 1322 4790 6
1347 4744 1903 4810 supervacuanae.
1986 4725 2073 4790 23
2095 4725 2204 4808 iis]
2232 4724 2353 4792 his.
2437 4724 2524 4788 26
2548 4723 2617 4789 in
2642 4722 2825 4788 deest.
2909 4723 2997 4787 29
3030 4725 3261 4790 omnis
