3557 5449
637 3174 644 3180 ·
751 3128 1119 3208 Florianus,
1159 3129 1341 3196 facta
1377 3128 1620 3194 devote
1667 3129 1969 3198 oratione
2010 3129 2101 3196 ad
2140 3130 2499 3208 Christum,
2528 3129 2789 3214 inquit:
2837 3133 2865 3164 ‘⁸
2904 3129 2965 3197 Ο
2991 3131 3275 3207 Ambre,

770 451 922 527 306
1898 474 2147 528 Passio
3452 21 3509 542 ἱ

766 682 1030 741 uxores,
1059 682 1277 749 neque
1305 662 1440 741 filii,
1467 680 1592 729 nec
1627 664 1825 729 huius
1852 662 2085 729 mundi
2128 664 2353 741 sibila;
2384 663 2505 729 sed
2544 664 2719 729 servi
2748 682 2979 729 sumus
3010 662 3285 741 Christi,
3496 560 3509 695 W

769 760 892 827 Dei
919 762 1053 839 filii,
1083 766 1152 829 et
1191 764 1412 846 parati
1455 782 1686 828 sumus
1727 780 1851 846 pro
1894 762 2037 827 eius
2072 782 2303 829 amore
2331 764 2553 827 vivere
2586 766 2655 828 et
2696 762 2885 840 mori,
2928 763 3095 845 quia
3140 765 3285 846 ipse

768 864 1072 929 mortuus
1099 866 1204 927 est
1230 865 1300 928 et
1325 862 1688 928 resurrexit
1713 880 1837 944 pro
1858 860 2071 927 nobis.
2102 912 2128 940 „
2154 860 2277 927 His
2299 861 2491 928 dictis
2517 865 2587 927 et
2612 860 2701 927 ab
2720 860 2979 927 Ambro
3008 861 3283 940 auditis,

769 980 922 1027 cum
953 960 1174 1027 furore
1203 960 1384 1026 ducti
1413 964 1568 1026 sunt
1597 964 1789 1026 extra
1816 960 2153 1028 civitatem
2200 964 2266 1025 ct
2314 960 2761 1026 crudelissime
2793 958 2997 1025 variis
3024 962 3285 1026 cruda-

765 1060 944 1125 tibus
974 1064 1130 1125 sunt
1169 1060 1438 1125 mortui.
1466 1058 1550 1125 Et
1579 1058 1809 1125 statim
1848 1058 1941 1124 ibi
1978 1059 2048 1125 in
2082 1078 2237 1125 aere
2278 1063 2733 1142 apparuerunt
2770 1062 2873 1124 tot
2920 1058 3285 1126 columbae
3314 1077 3342 1129 5
3504 1142 3509 1155 ,

765 1162 928 1243 quot
955 1158 1219 1225 fuerant
1246 1158 1515 1224 mortui.
1543 1156 1626 1223 Et
1653 1176 1827 1223 unus
1868 1158 2143 1241 angelus
2172 1176 2286 1223 eos
2314 1157 2721 1241 praecedens
2747 1176 2981 1226 versus
3008 1158 3282 1226 caelum

761 1276 914 1324 cum
937 1258 1032 1325 eis
1053 1256 1374 1323 ascendit.
1403 1256 1652 1323 Beatus
1680 1261 1909 1323 autem
1930 1256 2275 1323 Florianus
2298 1276 2531 1323 eorum
2552 1272 2830 1339 corpora
2850 1256 2921 1321 in
2946 1256 3287 1340 Eutropo-

757 1356 876 1423 lim
923 1356 1261 1423 civitatem
1313 1356 1575 1441 sepeliri
1647 1354 1819 1433 fecit,
1870 1356 1983 1421 ubi
2034 1354 2385 1423 aedificata
2434 1358 2537 1422 est
2586 1355 2863 1421 ecclesia
2906 1356 2981 1421 in
3022 1355 3286 1427 honore

760 1456 1219 1523 sanctissimae
1245 1454 1614 1521 Trinitatis.

843 1563 916 1621 5.
961 1554 1256 1621 Ambrus
1307 1558 1534 1620 autem
1583 1554 1863 1620 audiens
1916 1554 2095 1637 quod
2145 1554 2384 1619 beatus
2448 1553 2789 1619 Florianus
2844 1570 3083 1619 eorum
3144 1554 3285 1623 dux
3316 1567 3369 1619 ιο

757 1655 903 1719 erat
952 1656 1020 1719 et
1061 1652 1254 1737 quasi
1297 1651 1570 1735 quidam
1611 1651 2013 1735 patriarcha,
2058 1656 2127 1717 et
2175 1652 2355 1735 quod
2396 1652 2539 1717 eius
2580 1651 3055 1717 monitionibus
3098 1651 3280 1717 firmi

755 1754 1084 1817 steterunt
1126 1750 1196 1817 in
1237 1750 1370 1816 fide
1412 1750 1676 1829 Christi,
1720 1753 1791 1816 et
1840 1752 2023 1835 quod
2067 1751 2272 1817 etiam
2316 1769 2547 1817 eorum
2588 1769 2867 1833 corpora
2908 1750 3283 1817 honorifice

755 1849 1020 1933 sepeliri
1047 1849 1220 1926 fecit,
1249 1848 1603 1915 advocavit
1646 1848 1832 1915 illum
1857 1849 2085 1915 dicens
2122 1848 2179 1914 si
2216 1848 2410 1915 vellet
2452 1849 2597 1931 ipse
2638 1848 2974 1915 Christum
3024 1868 3279 1933 negare

758 1952 828 2016 et
868 1948 1030 2015 deos
1073 1968 1232 2015 suos
1271 1948 1508 2015 colere.
1553 1947 1678 2019 Cui
1717 1948 1959 2015 beatus
1991 1947 2335 2014 Florianus
2372 1948 2627 2031 inquit:
2680 1946 2945 2013 ‘Miror
2990 1948 3183 2031 quod
3212 1954 3279 2014 te

756 2048 1130 2131 sapientem
1159 2066 1306 2113 esse
1351 2052 1572 2130 putas,
1601 2052 1671 2112 et
1699 2050 2025 2131 quantum
2052 2046 2389 2112 Christum
2418 2046 2762 2111 dominum
2788 2064 3018 2111 meum
3048 2054 3279 2112 amem
3314 2058 3369 2109 1⁵

755 2146 1038 2229 ignores,
1099 2148 1168 2212 et
1219 2146 1574 2211 stultitiam
1631 2150 1837 2229 atque
1893 2144 2385 2227 impositionem
2432 2149 2701 2211 tuorum
2746 2144 3079 2210 idolorum
3140 2165 3279 2211 non

752 2243 1168 2329 intelligas,
1223 2242 1416 2323 Quae
1457 2264 1612 2310 cuin
1665 2244 1962 2309 Ambrus
2004 2242 2267 2309 audiret
2308 2246 2377 2309 et
2426 2243 2849 2326 impatienter
2890 2243 3272 2321 sustineret,

753 2344 947 2409 iussit
1003 2342 1188 2410 illum
1246 2342 1476 2410 iaculis
1537 2346 1606 2408 et
1661 2342 1921 2427 sagittIs
1978 2342 2301 2426 perforari
2352 2344 2419 2407 et
2456 2342 2685 2409 occidi.
2732 2341 2980 2408 Beatus
3042 2323 3275 2409 autem

751 2440 1119 2523 Florianus,
1155 2442 1392 2508 erectis
1421 2442 1492 2507 in
1533 2440 1794 2507 caelum
1820 2442 2152 2519 manibus,
2180 2460 2333 2507 cum
2360 2440 2647 2506 lacrimis
2674 2440 3015 2506 Christum
3046 2459 3335 2522 orans,

751 2540 850 2607 ita
874 2540 1236 2607 vehemens
1265 2539 1386 2605 fuit
1418 2540 1561 2606 eius
1589 2540 1824 2617 oratio,
1856 2540 2035 2624 quod
2056 2558 2180 2605 nec
2201 2537 2355 2606 eum
2384 2538 2667 2605 ministri
2687 2538 2913 2607 videre
2932 2542 3271 2622 poterant,
3310 2556 3365 2607 m

753 2639 910 2705 licet
936 2642 1114 2705 esset
1143 2638 1212 2704 in
1239 2638 1460 2705 medio
1485 2656 1736 2715 eorum,
1757 2656 1883 2705 nec
1902 2638 2125 2722 aliquo
2146 2639 2279 2704 ictu
2299 2642 2605 2720 tangere;
2634 2638 2753 2704 sed
2778 2657 2952 2704 unus
2970 2638 3045 2703 in
3066 2637 3274 2704 alium

754 2738 1116 2815 saeviebat,
1167 2737 1447 2803 credens
1507 2737 1889 2804 Florianum
1942 2757 2107 2815 esse,
2158 2741 2229 2804 et
2282 2739 2377 2803 sic
2430 2738 2607 2803 inter
2649 2755 2723 2802 se
2776 2737 2949 2802 bene
2998 2737 3271 2804 ducenti

752 2835 1024 2902 fuerunt
1063 2835 1395 2902 trucidati.
1425 2835 1616 2914 Quae
1657 2836 1885 2902 omnia
1912 2835 2145 2902 videns
2172 2836 2467 2902 Ambrus
2508 2855 2657 2918 non,
2682 2834 2947 2901 divinae
2975 2836 3273 2902 institiae

750 2933 879 3001 hoc
924 2935 1175 3013 tribuit,
1219 2933 1340 3000 sed
1389 2935 1519 2999 arti
1575 2935 1903 3016 magicam
1956 2935 2093 3001 imo
2134 2934 2222 3000 ad
2272 2934 2596 3018 templum
2635 2933 2917 3001 deorum
2948 2929 3153 3000 iussit‘
3197 2937 3273 3000 ut

751 3031 1124 3110 duceretur,
1151 3035 1230 3096 ut
1279 3049 1510 3096 eorum
1553 3033 1963 3114 potestatem
2005 3033 2075 3096 et
2116 3032 2431 3097 virtutem
2479 3030 2755 3097 videret.
2794 3031 2986 3096 Tunc
3026 3031 3275 3097 beatus
3312 3055 3369 3108 z

751 3228 1056 3312 nunquid
1081 3231 1302 3295 terrae
1333 3231 1594 3293 motum
1625 3247 1943 3311 magnum
1964 3228 2157 3294 audis
2184 3233 2254 3294 et
2279 3247 2477 3295 voces
2498 3229 2931 3295 clamantium
2958 3229 3155 3294 audis
3176 3233 3213 3294 ἐ’
3242 3280 3270 3308 ,

753 3326 950 3406 Quod
979 3327 1336 3394 attendens
1367 3327 1660 3392 Ambrus
1687 3345 1921 3392 versus
1960 3327 2281 3411 templum
2318 3327 2583 3393 ruinam
2624 3327 2989 3397 maximam
3017 3329 3278 3415 audivit

757 3427 826 3491 et
853 3444 1052 3492 voces
1082 3425 1410 3492 terribiles
1439 3425 1509 3490 in
1537 3444 1693 3491 aere
1721 3426 2087 3492 clamantes
2116 3425 2371 3492 audivit
2400 3428 2468 3493 et
2504 3425 2723 3492 missis
2766 3426 3025 3492 nunciis
3053 3425 3277 3494 totum

756 3524 1082 3608 templum
1103 3524 1430 3592 corruisse
1459 3526 1527 3590 et
1550 3523 1728 3590 idola
1751 3524 1821 3589 in
1840 3525 2183 3607 pulverem
2204 3525 2481 3591 redacta
2502 3543 2651 3590 esse
2670 3529 2909 3608 postea
2927 3524 3279 3594 intelle-t.
3310 3547 3365 3599 si

706 3655 716 3664 ·
756 3623 1051 3690 Ambrus
1079 3627 1234 3707 post
1271 3623 1439 3689 haec
1469 3641 1622 3688 cum
1663 3623 1949 3689 nesciret
1994 3623 2154 3707 quid
2181 3627 2427 3707 ageret,
2456 3623 2647 3689 iussit
2674 3642 2828 3689 eum
2858 3625 3279 3690 strictissime

753 3721 942 3805 ligari
980 3725 1049 3788 et
1093 3722 1162 3787 in
1203 3739 1538 3787 carcerem
1581 3719 2155 3786 horribilissimum
2181 3721 2391 3801 mitti3
2418 3723 2537 3788 ubi
2577 3740 2727 3786 cum
2768 3723 3029 3805 positus
3076 3728 3279 3802 esset,

754 3820 984 3885 statim
1036 3819 1150 3884 lux
1187 3839 1431 3904 magna
1471 3820 1787 3903 apparuIt
1837 3823 1907 3884 et
1934 3820 2367 3885 suavissimus
2413 3821 2599 3900 odor,
2644 3820 2869 3886 multis
2916 3822 3077 3888 hinc
3120 3823 3281 3889 inde

753 3917 1094 3984 variarum
1139 3919 1511 4002 specierum
1538 3921 1608 3984 et
1635 3917 1931 3983 colorum
1966 3917 2240 3984 floribus
2282 3919 2555 4001 sparsis.
2598 3919 2723 3998 Qui
2753 3939 2907 3985 eum
2936 3921 3282 3987 duxerimt

752 4017 880 4083 hoc
908 4016 1231 4094 videnteS,
1257 4016 1347 4083 ad
1373 4017 1582 4100 pedes
1611 4016 1752 4081 eius
1784 4021 2187 4096 corruentes,
2214 4019 2633 4100 postulantes
2654 4019 2921 4085 veniam
2940 4019 3280 4102 baptizari
3312 4037 3369 4090 5

751 4117 842 4182 ab
872 4135 952 4181 eo
983 4115 1337 4197 petierunt.
1367 4111 1565 4194 Quod
1593 4114 1873 4181 audiens
1901 4115 2197 4182 Ambrus
2224 4134 2339 4182 eos
2360 4117 2553 4183 iussit
2582 4105 2937 4184 decollari

835 4221 906 4280 6.
955 4213 1138 4292 Quos
1183 4215 1566 4280 confortans
1609 4214 1849 4279 beatus
1895 4213 2259 4292 FlorianuS,
2302 4215 2494 4280 sicin
2528 4215 2793 4283 Christo
2820 4217 3003 4282 beati
3034 4235 3279 4284 omnes

749 4311 943 4377 occisi
997 4315 1171 4378 sunt.
1223 4311 1542 4396 Sequenti
1591 4331 1750 4377 vero
1796 4312 1904 4378 die
1952 4313 2186 4378 statuit
2221 4313 2516 4380 Ambrus
2568 4315 2843 4380 beatum
2884 4312 3278 4381 Florianum

749 4409 1079 4486 decollari,
1111 4411 1203 4475 ita
1235 4411 1414 4493 quod
1441 4411 1626 4493 prius
1655 4430 1777 4493 per
1807 4413 2019 4476 totam
2049 4411 2386 4476 civitatem
2415 4431 2618 4495 super
2644 4431 2778 4478 uno
2806 4431 3004 4478 curru
3046 4414 3277 4480 nudus

747 4505 1121 4586 duceretur,
1156 4509 1508 4574 crudeliter
1537 4509 1800 4592 ligatus,
1830 4509 1943 4574 ubi
1988 4509 2189 4593 aliqui
2232 4509 2413 4576 illum
2458 4511 2825 4589 illuderent,
2866 4511 3075 4596 aliqui
3118 4532 3273 4578 cum
3308 4529 3361 4580 ιο

743 4607 944 4690 vii-gis
969 4610 1036 4672 et
1057 4607 1328 4673 nodosis
1360 4606 1626 4672 funibus
1660 4607 2112 4687 verberarent,
2144 4612 2212 4673 et
2242 4608 2383 4674 eius
2405 4629 2646 4692 corpus
2668 4610 2943 4676 canibus
2971 4611 3271 4677 daretur.

743 4705 996 4770 Eadem
1025 4723 1186 4770 vero
1219 4709 1417 4771 nocte
1447 4706 1506 4770 ei
1536 4704 1810 4789 angelus
1844 4707 2173 4789 apparuit,
2204 4711 2271 4772 et
2304 4708 2364 4772 ei
2391 4709 2719 4791 passionis
2750 4711 2819 4775 et
2844 4709 3085 4775 mortis
3112 4729 3273 4776 sen-

742 4803 1022 4867 tentiam
1067 4803 1449 4882 declaravit,
1479 4804 1864 4871 confortans
1918 4823 2071 4870 eum
2106 4810 2181 4871 ut
2214 4807 2439 4873 omnia
2476 4807 2734 4875 fortiter
2774 4812 2840 4873 et
2868 4827 2992 4891 pro
3018 4806 3273 4875 Christi

3507 3811 3508 3824 ⁴
3507 3789 3508 3796 ι
3507 3705 3508 3710 Α
3478 2356 3509 3587 μμμ*
3507 2330 3508 2337 ⁴

3448 4913 3509 5412 i
