3557 5449
1049 870 2155 938 CATALOGUS

356 1047 844 1221 CODIGU'M
947 1110 2085 1224 llAGIOGRAPlsscoRUM
2194 1112 2748 1223 LATINORU
2761 1113 2841 1220 Μ

573 1393 1266 1454 nmmo-mmm
1349 1396 1819 1455 mamma
1885 1394 2623 1454 *ROTOMAGENSIS

1411 1679 1753 1687 ——-·—-—-——.--

425 1957 898 2024 Rotomagensem
938 1956 1350 2016 bibliothecam.
1388 1957 1578 2025 spoliis
1623 1958 1767 2012 bene
1825 1957 2013 2013 multis
2068 1957 2420 2026 antiquorum
2478 1957 2847 2012 Normanniae

355 2056 826 2111 monasteriorum
865 2055 1278 2126 locupletatam,
1317 2073 1447 2111 cum
1487 2061 1615 2111 ante
1648 2057 1756 2112 hos
1799 2061 1909 2112 tres
1950 2073 2130 2111 annos
2164 2056 2489 2119 adissemus,
2520 2061 2585 2110 ut
2628 2055 2847 2110 codices

357 2155 820 2224 hagiographicos
857 2171 970 2210 non
1013 2172 1221 2224 paucos
1255 2172 1438 2226 neque
1471 2157 1760 2224 ignobiles,
1795 2156 1888 2225 qui
1925 2157 1981 2210 in
2019 2157 2117 2212 illa
2147 2161 2450 2221 servantur,
2472 2171 2631 2210 more
2655 2159 2845 2210 nostro

357 2271 794 2318 recenseremus,
850 2271 1044 2324 parum
1085 2256 1264 2310 abfuit
1307 2257 1440 2325 quin
1482 2271 1649 2324 opere
1695 2272 1810 2310 non
1856 2255 2036 2310 dicam
2082 2256 2305 2318 infecto,
2350 2257 2445 2310 sed
2503 2272 2575 2310 ne
2630 2257 2847 2323 incepto

358 2353 600 2423 quidem,
623 2353 938 2424 Rotomasso
960 2354 1244 2410 discedere
1273 2371 1613 2424 cogeremur.
1636 2355 1793 2423 Quae
1831 2354 1981 2410 enim
2016 2354 2137 2409 aliis
2170 2354 2513 2424 temporibus
2548 2354 2849 2409 liberaliter

357 2457 551 2522 patent
591 2453 812 2518 ianuae,
855 2454 982 2509 ideo
1039 2459 1171 2508 tunc
1219 2455 1436 2510 clausas
1485 2454 1672 2509 videre
1705 2459 1840 2518 erat,
1884 2455 2034 2524 quod
2076 2470 2191 2509 non
2236 2455 2419 2509 solnm
2475 2453 2848 2509 bibliothecae

359 2552 516 2608 aulas
547 2554 710 2608 novis
745 2553 972 2609 aedibus
1006 2555 1282 2621 augebant
1319 2554 1560 2622 opifices,
1581 2555 1678 2610 sed
1703 2559 1758 2608 et
1792 2553 2057 2609 librorum
2100 2553 2517 2622 impressorum,
2552 2570 2697 2623 quac
2736 2554 2847 2608 illic

360 2658 462 2716 eat,
509 2653 804 2722 pretiosam
849 2653 1084 2722 copiam,
1131 2653 1274 2708 mira
1318 2653 1686 2723 diuturnaque
1736 2653 1949 2708 incuria
2004 2653 2327 2722 neglectam,
2378 2653 2651 2718 ordinare,
2689 2652 2847 2707 iustis

359 2753 624 2823 catalogis
662 2754 936 2809 instruere
969 2759 1027 2808 et
1059 2754 1360 2821 legentium
1398 2754 1728 2809 utilitatibus
1765 2754 1955 2821 aptius'
1986 2754 2414 2809 accommodare
2448 2753 2659 2809 sollerti
2685 2753 2849 2822 impi-

357 2870 570 2925 greque
585 2855 782 2909 labore
805 2870 1058 2923 agressus
1077 2858 1212 2919 erat,
1229 2854 1326 2923 qui
1352 2854 1502 2909 haud
1525 2854 1602 2909 ita
1624 2854 1835 2924 pridem
1862 2854 1965 2907 toti
1988 2853 2361 2909 bibliothecae
2394 2859 2516 2908 erat
2538 2853 2849 2922 praefectus

359 2968 410 3007 v.
445 2955 511 3008 cl.
556 2953 830 3009 Henricus
866 2953 1148 3022 Loriquet.
1190 2954 1348 3021 Quae
1380 2954 1516 3008 dum
1553 2953 1672 3007 fleri
1709 2953 2057 3020 incipiebant,
2096 2969 2321 3007 necesse
2356 2958 2477 3007 erat
2520 2953 2729 3007 aditum
2777 2953 2849 3007 ad

360 3052 754 3108 bibliothecam
803 3068 900 3121 per
943 3052 1156 3122 aliquot
1188 3052 1571 3107 hebdomadas
1619 3052 1917 3121 prohiberi.
1955 3052 2033 3107 Ne
2075 3057 2259 3107 tamen
2294 3052 2497 3109 frustra
2530 3052 2849 3120 peregrinus

361 3152 772 3222 hagiographus
819 3152 1194 3221 Rotomagum
1231 3152 1550 3221 appulisset,
1596 3152 1802 3207 eximia
1848 3151 2196 3207 humanitate
2241 3152 2556 3221 procuravit
2593 3152 2849 3221 laudatus

360 3266 411 3305 v.
435 3250 502 3306 cl.
525 3252 594 3306 H.
616 3251 898 3321 Loriquet„
931 3256 993 3306 ut
1027 3252 1324 3309 commode
1355 3268 1455 3321 pro
1495 3258 1807 3321 temporum
1844 3251 2117 3307 adiunctis
2152 3252 2371 3307 codices
2405 3268 2576 3307 manu
2612 3252 2848 3321 scriptos

367 3351 643 3416 evolvere,
679 3350 782 3405 sed
818 3354 874 3406 et
903 3350 1078 3405 libros
1111 3351 1428 3421 impressos,
1462 3367 1604 3420 quos
1643 3367 1772 3405 cum
1820 3349 2103 3405 codicibus
2142 3350 2536 3414 conferremus,
2575 3355 2845 3419 quantum

363 3448 724 3519 antiquorum
749 3450 1129 3521 catalogorum
1153 3466 1259 3519 ope
1281 3449 1507 3519 reperiri
1527 3454 1802 3519 poterant,
1825 3449 2067 3505 nancisci
2089 3450 2297 3504 liceret.

425 3550 490 3604 In
528 3548 874 3605 conficiendo
913 3553 1104 3605 nostro
1145 3549 1400 3617 catalogo
1445 3550 1681 3605 eandem
1721 3565 1951 3619 prorsus
1993 3549 2140 3603 viam
2181 3549 2358 3604 secuti
2390 3566 2609 3613 aumas,
2652 3551 2877 3606 eadem·

359 3648 500 3719 sigla
521 3649 925 3718 usurpavimus.
966 3665 1110 3718 quae
1143 3649 1200 3703 in
1226 3649 1573 3718 praefatione
1611 3648 1684 3703 ad
1718 3649 2031 3717 catalogum
2076 3650 2423 3704 Duacensem
2462 3650 2654 3713 (Anat.
2702 3650 2844 3706 Bon.

359 3748 477 3811 XX,
497 3749 712 3811 361-62)
735 3748 986 3817 pluribus
1011 3748 1194 3803 verbis
1232 3753 1362 3805 sunt
1383 3749 1672 3818 explicata.
1697 3750 1877 3817 Atque
1914 3747 2007 3802 hic
2044 3746 2226 3813 etiam,
2246 3748 2381 3803 dum
2408 3748 2849 3818 hagiographicis

361 3845 560 3902 studiis
577 3845 738 3903 unice
759 3862 986 3915 operam
1014 3846 1230 3913 damus,
1249 3848 1484 3903 lectores
1499 3848 1592 3917 qui
1625 3847 1734 3901 alia
1749 3847 1821 3901 de
1845 3846 1933 3900 his
1956 3846 2267 3916 ceterisque
2284 3847 2567 3903 codicibus
2586 3848 2849 3904 Rotoma-

361 3946 626 4016 gensinus
649 3962 816 4002 nosse
835 3946 1162 4015 cupiverint,
1180 3946 1474 4002 hortamur
1493 3950 1556 4002 ut
1573 3946 1887 4013 catalogum
1913 3946 2115 4000 adeant
2138 3964 2172 4000 a
2197 3963 2248 4000 v.
2272 3948 2341 4001 cl.
2378 3946 2621 4002 Henrico
2646 3948 2855 4005 Omont

359 4050 492 4101 ante
506 4046 904 4116 septemdecim
921 4046 1139 4100 circiter
1155 4062 1333 4100 annos
1351 4046 1556 4101 editum
1569 4048 1658 4109 (1).
1668 4045 1831 4113 Quod
1850 4044 2037 4114 siquis
2056 4044 2287 4100 miretur
2300 4046 2545 4101 codicem
2565 4046 2853 4103 Debet-146

363 4147 424 4202 in
447 4146 700 4213 catalogo
739 4145 836 4201 illo
860 4146 934 4209 (Ξ)
957 4149 1244 4215 tamquam
1271 4132 1294 4171 ⁸¹
1323 4145 1449 4200 Vita
1472 4146 1668 4201 beatae
1703 4144 1904 4199 Mariae
1933 4160 2060 4199 cum
2104 4144 2359 4213 precibus
2381 4144 2484 4214 piis
2514 4186 2536 4211 ,,
2564 4148 2855 4211 recenseri,

365 4245 426 4299 in
447 4247 640 4299 nostro
661 4246 849 4299 autem
873 4243 1122 4309 catalogo
1143 4257 1260 4310 non
1277 4258 1618 4311 comparere,
1635 4240 1853 4297 noverit
1875 4241 1932 4295 in
1950 4242 2061 4296 hoc
2084 4242 2271 4297 codice
2290 4243 2456 4298 vitam
2475 4243 2537 4298 B.
2564 4244 2627 4299 V.
2650 4244 2853 4301 Mariae

364 4342 510 4398 serie
529 4342 1137 4412 quadam-picturarum
1162 4341 1582 4408 repraesentari,
1603 4341 1803 4397 additis
1823 4340 1895 4396 ad
1913 4340 2157 4409 singulas
2182 4340 2423 4411 picturas
2440 4340 2701 4399 brevibus
2718 4345 2855 4400 locis

367 4458 436 4497 ex
477 4441 795 4510 Evangelio,
832 4457 900 4497 ex
937 4440 1186 4503 Psalmis,
1225 4454 1295 4495 ex
1319 4440 1546 4496 cantico
1567 4440 1923 4505 canticorum,
1956 4444 2077 4504 etc„
2114 4440 2339 4495 minime
2372 4457 2503 4496 vero
2543 4443 2695 4498 hunc
2730 4458 2853 4499 esee

367 4541 616 4597 libellum
636 4558 748 4610 quo
773 4540 886 4595 vita
908 4541 969 4594 B.
993 4540 1056 4594 V.
1080 4539 1282 4594 Uatiae
1305 4556 1419 4594 uno
1443 4545 1638 4594 tenore
1659 4540 1733 4593 sit
1749 4544 2021 4594 enarrata.
2500 4596 2507 4603 ,
2571 4541 2635 4596 Δ.
2659 4543 2718 4597 P.

439 4786 514 4852 (1)
548 4752 840 4851 &emmae
859 4783 1076 4851 airzei-al
1092 4784 1181 4837 des
1207 4784 1534 4838 manuscrits
1555 4783 1644 4837 dea
1659 4782 2035 4851 bibliotheque
2052 4782 2333 4851 publicum
2365 4787 2430 4839 de
2455 4784 2679 4840 Franco.
2699 4785 2852 4841 Serie

377 4869 536 4923 in-8·.
560 4867 1000 4935 Departements.
1033 4865 1240 4921 Tomos
1262 4865 1359 4920 Iet
1381 4866 1448 4919 11.
1466 4864 1634 4929 Paris,
1673 4866 1801 4921 1886
1823 4870 1877 4920 et
1904 4866 2051 4921 1888.
2070 4894 2137 4906 —
2160 4866 2233 4931 (Ξ)
2266 4864 2330 4921 Τ.
2350 4866 2417 4933 11,
2439 4884 2491 4937 p.
2516 4868 2597 4932 74,
2621 4880 2683 4923 ιν·
2703 4869 2852 4925 3031.

644 4980 794 5021 anax..
829 4982 992 5031 acu...
1021 4982 1074 5020 τ.
1109 4980 1260 5019 xxm.
2560 4970 2594 5021 9
