3557 5449
1141 442 1296 502 xm‘
1348 450 1438 502 m·
1488 443 1642 532 xrve
1692 434 1953 503 siizctz.
2634 429 2783 503 439

291 639 395 702 est
436 639 968 720 pretereundum,
999 639 1178 722 quod
1207 640 1444 705 eodem
1486 660 1660 706 anno
1708 641 1776 705 in
1818 640 1985 706 festo
2032 641 2227 707 beate
2264 640 2689 723 Radegundis
2718 641 2785 706 in

291 735 642 818 parrochia
693 737 920 802 Sancti
975 737 1224 804 Silvani
1277 740 1394 823 (1),
1457 740 2113 822 archipresbiteratus
2172 740 2254 805 de
2312 741 2568 805 Raonio
2596 740 2619 779 ¹
2666 741 2783 822 (2),

296 834 784 901 evidentissime
825 837 1061 901 evenit.
1091 838 1250 902 Erat
1279 839 1455 904 enim
1493 839 1558 903 in
1590 839 1888 922 predicta
1930 838 2278 922 parrochia
2323 838 2589 922 quidam
2618 837 2785 902 lato-

294 940 464 1010 muS,
491 933 818 1000 Iohannes
843 934 1130 1000 Tronelli
1172 936 1569 1015 nominatus,
1615 938 1724 1020 qui
1755 937 1823 1002 in
1852 937 2084 1002 eodem
2126 937 2292 1002 festo
2338 936 2590 1020 lapides
2621 937 2787 1001 scul-

222 1043 258 1095 5
293 1051 480 1115 penS,
524 1031 682 1098 dum
725 1027 996 1098 domum
1035 1033 1159 1098 sibi
1202 1031 1504 1100 cele'ritus
1551 1039 1930 1101 construere
1982 1033 2329 1118 satageret,
2362 1035 2603 1099 festum
2653 1054 2787 1098 non

295 1131 676 1208 observanS,
706 1132 1046 1197 martellus
1077 1152 1207 1216 quo
1226 1134 1640 1216 operabatur
1669 1135 1895 1208 manui
1926 1135 2064 1200 eius
2094 1154 2227 1199 non
2249 1135 2391 1199 sine
2412 1133 2787 1199 vehementi

297 1229 520 1294 dolore
562 1230 732 1296 adeo
761 1231 1038 1307 adhesit,
1071 1221 1248 1314 quod
1277 1236 1620 1314 spasmata
1647 1252 1885 1298 manus
1915 1233 2115 1298 etiam
2138 1236 2378 1298 conatu
2408 1231 2785 1308 multorum,
2866 1303 2875 1311 ‚

298 1327 410 1408 qui
450 1327 749 1406 aderant,
777 1327 1106 1401 removeri
1151 1347 1287 1393 non
1327 1333 1571 1411 posset.
1620 1329 1919 1394 Tandem
1974 1349 2091 1412 pre
2142 1329 2364 1394 dolore
2414 1328 2523 1392 vix
2567 1327 2788 1392 .verba

295 1423 522 1490 valens
565 1427 954 1508 exprimere,
1005 1445 1154 1492 cum
1205 1427 1454 1512 gemitu
1503 1431 1568 1492 et
1615 1427 1899 1492 lacrimis
1959 1427 2168 1510 inquit
2228 1450 2244 1490 ε
2300 1432 2325 1460 ⁸
2383 1425 2518 1510 Ego
2569 1427 2790 1493 infelix

193 1536 259 1588 ιο
305 1573 332 1603 ,,
378 1528 686 1607 peccator
717 1527 1032 1608 promitto
1056 1525 1195 1592 Deo
1227 1530 1294 1590 et
1323 1526 1518 1591 beate
1561 1526 1953 1608 Radegundi
2000 1525 2198 1609 quod,
2230 1526 2281 1590 si
2328 1526 2487 1591 mihi
2538 1526 2788 1592 sanitas

304 1673 331 1700 ,
377 1624 686 1689 restituta
725 1623 941 1702 fuerit,
983 1643 1351 1707 numquam
1381 1625 1448 1690 in
1476 1625 1643 1690 festo
1685 1622 1891 1708 ipsius
1933 1645 2099 1708 opus
2152 1625 2388 1690 servile
2434 1625 2670 1690 faciam
2723 1628 2789 1689 et

307 1773 334 1800 ,
380 1721 648 1788 ecclesie
667 1742 785 1788 sue
809 1742 916 1788 me
947 1726 1014 1788 et
1035 1723 1430 1802 martellum,
1447 1725 1624 1808 quod
1647 1724 1871 1788 manui
1902 1723 2198 1801 adheret,
2220 1723 2491 1788 festinus
2519 1742 2790 1805 presen-

305 1871 331 1898 „
379 1821 560 1887 tabo.
597 1870 624 1900 ‚,
659 1821 806 1900 Quo
836 1822 1029 1901 dicto,
1046 1841 1285 1888 manus
1305 1842 1426 1905 per
1448 1842 1520 1888 se
1543 1822 1938 1900 extenditur,
1961 1822 2301 1887 martellus
2322 1822 2574 1899 cecidit,
2605 1822 2789 1887 dolor

299 1919 581 1984 cessavit
617 1919 880 2002 penitus
925 1923 993 1984 et
1035 1919 1102 1984 in
1143 1921 1456 2003 gaudium
1485 1919 1677 1986 fletus
1708 1923 1774 1985 et
1802 1921 2069 1985 tristitia
2112 1921 2513 1986 convertitur
2550 1921 2789 1985 amico-

189 2025 260 2079 15
297 2035 446 2082 rum
474 2016 591 2101 (3).
621 2016 806 2082 Idem
833 2032 992 2083 vero
1022 2018 1366 2097 IohanneS,
1397 2019 1646 2101 accepti
1675 2018 1974 2084 beneficii
2000 2038 2135 2084 non
2179 2019 2545 2096 immemor,
2576 2017 2790 2101 sepul-

299 2115 532 2180 chrum
561 2116 838 2198 gloriose
867 2116 1134 2182 domine
1162 2135 1314 2185 cum
1342 2136 1583 2200 magno
1611 2123 1963 2200 parentum
1994 2121 2061 2182 et
2085 2117 2446 2183 vicinorum
2475 2117 2792 2183 comitatu

295 2213 606 2292 visitavit,
653 2218 721 2280 et
763 2214 1060 2280 oblatum
1099 2215 1476 2281 martellum
1523 2216 1594 2281 in
1632 2220 2029 2298 perpetuum
2074 2215 2333 2298 signum
2381 2215 2676 2282 miraculi
2725 2217 2792 2280 in

300 2311 574 2378 ecclesia
621 2313 860 2397 posuit,
915 2317 1178 2380 astante
1239 2315 1584 2381 innumera
1637 2315 1863 2398 populi
1904 2315 2339 2392 multitudine,
2388 2334 2613 2380 coram
2662 2335 2791 2398 quo

297 2411 595 2477 miraculi
626 2412 866 2478 seriem
891 2413 1212 2479 recitavit.
1242 2413 1434 2492 Quod
1460 2413 1708 2496 pariter
1735 2414 1944 2490 multi,
1975 2414 2086 2498 qui
2114 2433 2265 2479 cum
2296 2434 2373 2479 eo
2404 2419 2612 2490 erant,
2644 2432 2793 2478 cum

181 2517 260 2569 20
299 2511 360 2576 ei
383 2529 574 2576 casus
601 2511 936 2594 predictus
965 2513 1219 2589 accidit,
1251 2513 1676 2596 divulgabant
1698 2517 1764 2578 et
1793 2513 2355 2579 obsecrationibus
2386 2512 2792 2579 asserebant.

296 2608 493 2673 Absit
535 2609 713 2674 enim
753 2629 796 2675 a
825 2609 1130 2676 cordibus
1159 2610 1453 2676 fidelium
1495 2610 1819 2675 dubitatio
1863 2610 1946 2674 de
1990 2610 2213 2675 dirina
2253 2609 2551 2674 bonitate
2593 2613 2793 2692 atque

295 2707 613 2791 potentia,
651 2728 780 2793 que
811 2712 1073 2775 'sanctos
1102 2729 1258 2775 suos
1289 2709 1443 2775 facit
1483 2708 2041 2775 inextimabilibus
2070 2728 2413 2775 coruscare
2443 2707 2791 2784 miraculiS,

293 2805 412 2871 ubi
439 2810 631 2872 tanta
657 2808 1006 2874 veritatem
1028 2808 1056 2847 ²
1082 2808 1408 2891 reperitur
1430 2808 1865 2873 asserentium
1894 2807 2263 2873 multitudo,

379 2913 451 2971 5.
495 2904 838 2972 Recitetur
860 2910 928 2971 et
950 2906 1128 2973 aliud
1148 2906 1537 2972 miraculum
1563 2907 1648 2973 ad
1676 2905 1943 2972 laudem
1964 2906 2132 2971 illius
2156 2906 2266 2989 qui
2290 2905 2445 2971 facit
2465 2905 2791 2972 mirabilia
2840 2914 3045 2971 Psaem.
3060 2918 3141 2980 71,
3157 2920 3235 2972 18.

173 3009 256 3062 25
294 3004 493 3071 solus.
521 3004 638 3070 Vir
661 3004 1054 3071 venerabilis
1079 3009 1145 3070 et
1176 3006 1468 3071 famosus
1494 3005 1891 3088 Radulphus
1936 3005 2019 3070 de
2059 3004 2252 3071 Lieza
2292 3004 2409 3089 (4),
2439 3004 2789 3069 canonicus

291 3102 715 3183 Turonensis,
744 3122 982 3187 passus
1011 3103 1229 3169 fuerat
1257 3103 1706 3187 emigraticam
1735 3104 1835 3185 (5)
1863 3102 2343 3169 intolerabilem
2370 3122 2491 3185 per
2532 3104 2789 3186 septem

294 3220 537 3281 annos;
560 3202 675 3287 qui
695 3202 865 3268 adeo
888 3202 1304 3268 cruciabatur
1324 3201 1872 3287 frequentissime,
1889 3202 2068 3286 quod
2088 3221 2239 3267 cum
2262 3202 2548 3266 clamore
2572 3199 2788 3266 valido

293 3300 654 3383 cogebatur
672 3304 748 3367 ut
769 3300 1108 3366 maniacus
1128 3302 1150 3339 ¹
1170 3301 1442 3384 propria
1460 3301 1740 3368 menbra
1761 3319 1913 3366 cum
1935 3301 2145 3384 rigore
2170 3304 2237 3365 et
2256 3299 2671 3382 iectigatione
2690 3298 2788 3382 (6)

293 3398 692 3483 detorquere
735 3402 802 3464 et
843 3418 888 3464 a
908 3400 1258 3465 consortio
1301 3399 1502 3465 ctiam
1546 3400 1905 3465 amicorum
1944 3398 2324 3481 specialium
2359 3397 2788 3479 ignominiose

165 3510 256 3565 30
293 3497 651 3565 discedere.
669 3497 1034 3564 Fatebatur
1061 3498 1260 3563 etiam
1293 3498 1472 3583 quod
1499 3518 1634 3564 non
1660 3498 1954 3563 habebat
1982 3496 2267 3561 amicum
2297 3496 2408 3580 qui
2435 3514 2571 3560 non
2589 3495 2786 3561 vellet

358 3698 426 3749 4.
464 3722 528 3734 -
551 3696 574 3730 ¹
592 3694 798 3751 Romio
825 3694 893 3750 B.
918 3725 983 3735 —
1007 3696 1032 3731 ¹
1049 3694 1281 3753 veritate
1304 3692 1369 3748 Β.

361 3778 429 3831 5.
466 3805 532 3817 -—
555 3778 578 3812 ¹
599 3776 960 3833 demoniacus
980 3776 1048 3832 B.

357 3976 432 4038 (1)
465 3974 914 4037 &int-Sauram,
931 3973 1082 4027 ch.-l.
1103 3970 1176 4026 de
1197 3986 1420 4035 comm„
1441 3974 1589 4025 cant.
1607 3970 1678 4024 de
1707 3970 1999 4038 Lusignan,
2032 3984 2139 4023 arr.
2162 3969 2233 4025 de
2256 3968 2487 4024 Poitiers
2510 3968 2782 4033 (vienne).
2830 4008 2839 4015 .

287 4056 414 4111 nite
431 4054 572 4111 dans
601 4056 686 4111 les
716 4056 872 4111 titres
893 4056 969 4109 du
992 4069 1196 4124 moyen
1227 4057 1330 4121 ago
1351 4052 1546 4120 depuis
1573 4068 1624 4105 v·
1649 4052 1797 4106 1032
1820 4052 2039 4116 (Bion,
2059 4050 2201 4105 Dici.
2230 4057 2339 4118 top.
2364 4052 2429 4105 de
2461 4051 2521 4105 la
2562 4049 2777 4116 Vienne,

171 4188 182 4195 .
289 4152 346 4205 p.
365 4137 506 4200 385).
539 4166 606 4177 -
639 4138 714 4201 (Ξ)
738 4138 902 4200 Rom,
924 4135 1068 4191 chel.
1091 4135 1162 4191 do
1183 4150 1408 4200 comm„
1439 4138 1584 4188 cant.
1608 4133 1679 4188 de
1700 4132 1893 4201 Iaemy,
1915 4150 2023 4187 arr.
2046 4133 2115 4187 de
2136 4132 2297 4195 Melle
2336 4132 2782 4195 (vaux-sewen).

288 4218 580 4274 Ancienno
592 4218 798 4274 station
821 4217 1176 4282 Rauranum,
1204 4215 1499 4281 Romana,
1525 4231 1622 4269 nur
1642 4215 1699 4269 la
1723 4214 1845 4268 vois
1868 4214 2119 4269 romaine
2142 4214 2212 4267 de
2237 4214 2471 4267 Poitiers
2491 4216 2527 4267 a
2546 4212 2781 4267 Saintes.

287 4330 358 4342 —-
379 4300 456 4363 (3)
489 4301 538 4354 Α
557 4300 864 4355 l'encontro
892 4299 970 4354 du
992 4298 1051 4352 P.
1075 4296 1406 4359 Dumonteil,
1425 4297 1483 4364 je
1505 4311 1674 4363 pense
1695 4310 1805 4364 que
1828 4296 1963 4350 c'est
1984 4310 2047 4349 cc
2072 4295 2375 4351 miracle-la
2397 4296 2567 4364 qu'on
2598 4291 2783 4361 voyait

285 4381 363 4435 de
382 4397 488 4436 son
520 4386 702 4449 temps
722 4386 780 4435 et
799 4395 1002 4435 encore
1023 4396 1096 4433 au
1132 4379 1308 4433 debut
1341 4377 1412 4433 de
1445 4376 1502 4431 la
1533 4376 1871 4431 Revolution
1898 4378 1921 4405 ⁸
1950 4376 2181 4431 historie
2203 4376 2341 4431 dans
2363 4376 2444 4435 les
2468 4373 2781 4443 tapisseries

285 4462 366 4517 du
396 4462 592 4517 choeur
625 4462 699 4518 de
735 4460 941 4528 l’esslise
963 4459 1035 4515 de
1055 4460 1274 4515 Sainctc
1312 4458 1646 4526 Radegonde
1679 4461 1715 4512 a
1740 4458 1999 4512 Poictiers
2038 4497 2061 4523 ,.
2090 4456 2259 4521 (Ηίει.
2286 4458 2351 4511 de
2372 4458 2430 4511 la
2462 4457 2545 4511 vie
2572 4458 2781 4510 incom-

277 4544 513 4613 parabit
532 4545 598 4598 dc
616 4546 822 4599 saincte
844 4541 1180 4609 naamam,
1206 4558 1260 4609 p.
1282 4541 1420 4602 292).
1442 4568 1508 4579 —
1541 4540 1612 4603 (4)
1647 4539 1823 4603 Lieze,
1866 4540 2125 4599 hannem,
2156 4554 2361 4593 comm.
2384 4539 2454 4594 de
2477 4536 2781 4601 Chaones,

288 4630 436 4698 cant.
453 4626 526 4679 de
545 4624 1004 4688 l'Ilo-Bouchard,
1037 4639 1142 4677 arr.
1171 4622 1242 4678 de
1265 4623 1482 4678 chinon
1505 4622 1796 4689 (Indrc-et-
1804 4620 2003 4683 boire).
2024 4651 2086 4661 —
2111 4624 2184 4685 (ὃ)
2220 4620 2575 4688 limiae-anca,
2612 4619 2779 4675 mmi-

283 4721 519 4775 amm,
546 4705 810 4775 migraine
845 4706 1128 4769 (nocuos,
1161 4722 1206 4760 s.
1229 4708 1320 4767 ι).
1343 4736 1408 4747 -
1449 4706 1522 4767 (6)
1557 4703 1831 4771 lectique-e,
1860 4702 1966 4757 hac
1991 4708 2048 4758 et
2080 4703 2203 4757 illac
2237 4702 2469 4757 disicere
2492 4702 2779 4767 (Ducunt,

285 4805 338 4843 a.
354 4792 448 4851 ι).
