3557 5449
751 414 901 488 438
1367 435 1719 490 meurs
1769 435 1861 488 m:
1910 437 2163 490 sam-rt
2212 436 2643 490 muscosos

749 625 1168 693 devotionem
1223 627 1514 694 fidelium
1571 627 1877 710 dignatus
1934 630 2037 693 est
2092 627 2551 710 potentissime
2606 645 2689 692 ac
2752 625 3251 692 evidentiaeime

751 743 1034 808 operari.

841 833 879 888 1
895 875 910 888 .
955 827 1154 889 Anno
1193 825 1281 890 ab
1311 827 1760 892 incarnatione
1786 824 2257 908 Redemptor-is
2283 823 2559 890 humani
2596 825 2853 907 generis
2894 824 3249 890 millo-o

752 923 1204 989 ducentesimo
1241 923 1748 1008 quadragesimo
1788 943 1985 1000 nono,
2022 923 2127 988 die
2166 923 2497 988 dominica
2538 927 2696 988 ante
2732 923 2979 989 festum
3012 924 3253 989 nativi-

751 1023 908 1088 tatis
950 1022 1128 1088 beati
1171 1023 1498 1100 Iohannis
1527 1024 1933 1107 precursoris
1962 1022 2223 1090 Domini
2252 1026 2319 1088 et
2358 1021 2670 1106 baptiste,
2712 1021 3009 1104 quedam
3050 1022 3252 1088 vidua
3284 1040 3315 1091 5

751 1125 1062 1188 matrona
1108 1122 1193 1187 de
1241 1122 1477 1188 Castro
1527 1121 1865 1208 Radulphi
1888 1123 2006 1206 (1),
2060 1121 2426 1205 Pasqueria
2478 1125 2885 1204 nuncupata,
2944 1141 3081 1204 que
3140 1121 3255 1186 diu

749 1221 1042 1286 menbris
1095 1221 1450 1287 contractis
1495 1221 1843 1304 languerat
1896 1241 2019 1286 nec
2064 1241 2109 1286 a
2144 1220 2311 1286 lecto
2360 1239 2633 1302 surgere
2680 1237 2801 1286 seu
2854 1239 3133 1286 movere
3178 1239 3253 1284 se

752 1324 1035 1403 poterat,
1064 1319 1368 1397 lacrimis,
1395 1321 1568 1386 votis
1595 1321 1999 1404 vocibusque
2040 1321 2177 1385 suis
2218 1339 2299 1385 ac
2340 1338 2611 1386 suorum
2654 1318 2995 1402 languoris
3036 1337 3253 1397 reme·

751 1419 934 1483 dium
962 1438 1006 1483 a
1045 1419 1246 1484 beata
1287 1417 1696 1502 Radegunde
1736 1419 2025 1502 expetiit.
2068 1417 2288 1502 Super
2324 1417 2717 1502 quadrigam
2758 1437 2833 1483 se
2868 1417 3035 1500 poni
3076 1417 3252 1493 ferit,

751 1517 902 1582 licet
929 1517 1138 1601 rigida
1165 1523 1340 1584 esset
1367 1522 1443 1584 ut
1469 1521 1762 1596 truncus,
1790 1517 2085 1584 honestis
2114 1517 2432 1583 comitata
2464 1516 2765 1601 personis
2790 1515 2923 1582 iter
2948 1516 3253 1600 arripuit.
3292 1533 3349 1584 m

751 1614 1058 1682 Secunda
1110 1621 1338 1682 autem
1391 1616 1498 1682 die
1546 1617 1722 1700 cepti
1761 1617 2030 1693 itineris,
2074 1615 2499 1682 manifestam
2546 1614 3045 1680 alleviationem
3100 1634 3255 1680 sen-

751 1715 942 1790 tienS,
969 1734 1092 1799 per
1117 1735 1192 1780 se
1219 1716 1306 1781 de
1345 1715 1666 1799 quadriga
1693 1715 2052 1791 descendit,
2082 1715 2521 1798 manibusque
2548 1734 2821 1780 suorum
2848 1717 3256 1790 sustentata,

751 1813 930 1896 quod
953 1814 1088 1880 iam
1113 1813 1538 1892 dedidicerat,
1565 1813 1951 1880 ambulavit.
1970 1813 2290 1897 Sequenti
2308 1833 2467 1880 vero
2488 1813 2595 1879 die
2614 1813 2851 1879 melius
2870 1832 2947 1879 se
2968 1813 3254 1890 habais,

751 1930 964 1994 usque
1005 1911 1094 1977 ad
1133 1911 1365 1978 collem
1405 1911 1710 1978 introitus
1753 1911 2159 1978 pictavensis
2200 1912 2483 1978 civitatis
2530 1911 2829 1978 vehiculo
2854 1930 3253 1995 properans,

753 2009 906 2075 inde
931 2028 1144 2094 usque
1171 2011 1262 2076 ad
1287 2011 1632 2076 ecclesiam
1673 2011 2055 2076 beatissime
2082 2012 2325 2094 regine,
2354 2029 2531 2076 nunc
2570 2029 2773 2094 super
2812 2009 3044 2087 filium,
3070 2029 3255 2074 nunc
3288 2023 3347 2076 15

755 2127 956 2190 super
1002 2128 1318 2192 generum
1367 2129 1562 2176 suum
1609 2109 1839 2176 innixa
1892 2109 2092 2188 venit,
2150 2109 2371 2193 ibique
2418 2108 2705 2175 orationi
2758 2127 2911 2174 cum
2956 2108 3253 2174 lacrimis

753 2207 1062 2274 insistens
1081 2209 1514 2290 pernoctavit.
1539 2209 1736 2274 Mane
1760 2227 1921 2274 vero
1946 2208 2141 2292 plene
2168 2201 2525 2274 sanitatem
2552 2207 2817 2290 adepta,
2838 2225 2963 2290 per
2986 2226 3084 2284 se,
3106 2227 3251 2272 ue

754 2305 1010 2384 baculo,
1051 2308 1192 2372 sine
1232 2309 1466 2392 quovis
1506 2307 1799 2374 manuali
1826 2307 2170 2382 adiutorio,
2198 2309 2383 2372 recta
2432 2306 2715 2382 incessit,
2760 2306 3063 2390 gaudens
3106 2305 3251 2372 Deo

753 2406 998 2488 gratias
1027 2405 1266 2482 retulit,
1295 2406 1688 2472 beneficium
1715 2404 1841 2470 sibi
1866 2405 2241 2488 impensum
2262 2425 2305 2470 a
2334 2404 2615 2470 Domino
2642 2423 2769 2488 per
2790 2404 2993 2470 beate
3018 2404 3249 2470 Rade-

751 2503 986 2587 gundis
1013 2506 1252 2570 merita
1271 2505 1574 2588 pluribus
1601 2504 1977 2571 astantibus
2004 2523 2082 2569 ac
2122 2505 2543 2588 stupentibus
2592 2503 2945 2578 enarravit.
2975 2507 3045 2568 et
3070 2503 3251 2569 inco-
3284 2515 3345 2566 m

753 2603 946 2669 lumis
969 2603 1055 2670 ad
1084 2605 1356 2686 propria
1379 2604 1718 2670 remeavit.

835 2709 906 2767 2.
953 2704 1148 2767 Anno
1191 2701 1450 2769 Domini
1491 2701 1837 2769 millesimo
1884 2702 2337 2769 ducentesimo
2376 2701 2793 2786 sexagesimo
2840 2701 3093 2786 quinto,
3136 2701 3246 2767 die

751 2801 1054 2867 mercurii
1085 2806 1235 2883 post
1260 2803 1754 2885 penthecosten,
1777 2802 1967 2886 apud
1978 2801 2275 2868 Landam
2293 2802 2394 2885 (2)
2414 2820 2621 2885 prope
2640 2800 3125 2883 Argentonium
3144 2800 3247 2885 (3)

749 2900 821 2965 in
858 2900 1156 2966 marchia
1201 2900 1590 2967 Bituricensi
1636 2906 1704 2967 et
1747 2900 2197 2979 Limovicensi,
2238 2900 2533 2985 quedam
2580 2899 2833 2977 mulier,
2884 2899 3245 2965 Petronilla

752 3000 1039 3077 nomine,
1065 3018 1234 3065 uxor
1273 3000 1568 3067 Gauri-idi
1610 2999 1696 3065 de
1723 3000 2048 3077 Leissaco,
2077 3019 2207 3084 que
2236 3003 2611 3067 contractas
2641 2999 2972 3065 babuerat
3004 3016 3247 3065 manus
3284 3006 3347 3057 8

751 3116 874 3181 per
917 3098 1084 3163 duos
1131 3116 1341 3163 annos
1383 3105 1450 3165 et
1497 3098 1586 3164 ad
1633 3118 1867 3166 omnes
1914 3098 2336 3182 operationes
2364 3097 2645 3175 inutiles,
2690 3097 2779 3162 ad
2818 3096 3247 3180 sepulchrum

753 3196 950 3261 beate
993 3196 1421 3281 Radegundis
1460 3198 1701 3265 devote
1740 3197 2032 3273 veniens,
2060 3217 2139 3263 eo
2188 3202 2369 3263 tacto
2419 3202 2487 3262 et
2530 3196 2849 3273 osculato,
2876 3196 3247 3279 perfectam

751 3296 1108 3361 sanitatem
1129 3298 1392 3380 recepit.

831 3400 902 3459 3.
951 3393 1202 3461 Eadem
1227 3396 1336 3461 die
1361 3394 1492 3461 alia
1519 3414 1774 3461 annosa
1800 3394 2054 3471 mulier,
2074 3413 2243 3461 uxor
2270 3393 2449 3459 Petri
2478 3394 2565 3459 de
2586 3393 2909 3471 Leissaco,
2932 3412 3065 3477 que
3088 3412 3247 3459 cnm

749 3492 1047 3576 predicta
1073 3494 1162 3559 ad
1201 3495 1564 3571 oratorium
1589 3494 1702 3577 (4)·
1729 3495 1928 3561 beate
1968 3494 2191 3576 regine
2230 3496 2527 3570 venerat,
2554 3492 2849 3558 dolorem
2891 3492 3251 3558 vehemen—
3284 3496 3349 3549 3

751 3590 1078 3656 tissimum
1120 3596 1188 3657 et
1211 3592 1731 3658 contractionem
1759 3592 2189 3657 menbrorum
2214 3590 2680 3656 iunctm-alium
2704 3590 2901 3673 longo
2940 3594 3251 3674 tempore

747 3708 951 3773 passa
989 3688 1221 3766 filerat,
1261 3692 1404 3756 viro
1443 3710 1566 3757 suo
1605 3694 1674 3756 et
1715 3688 2013 3773 pluribus
2054 3690 2187 3756 fide
2230 3689 2443 3772 dignis
2490 3688 2965 3766 asserentibus,
3006 3708 3085 3754 se
3126 3709 3250 3773 per

747 3788 984 3854 merita
1010 3789 1205 3853 beate
1231 3789 1455 3872 regine
1474 3792 1778 3855 curatam
1806 3788 2089 3854 iocunda
2106 3806 2271 3853 voce
2294 3788 2651 3854 clamabat.

829 3894 901 3951 4.
947 3886 1111 3952 Illud
1149 3906 1306 3954 vero
1335 3888 1589 3971 insigne
1627 3887 2020 3953 miraculum
2064 3891 2133 3953 et
2160 3886 2483 3953 memoria
2510 3885 2787 3970 dignum
2820 3884 3080 3951 silentio
3108 3904 3247 3951 non

807 4122 884 4185 (1)
919 4120 1330 4186 Chsseauroux,
1365 4120 1633 4180 chef-lieu
1667 4121 1746 4177 du
1782 4121 2167 4190 department
2202 4122 2277 4177 do
2321 4122 2541 4193 l'lndrm
2586 4119 2713 4175 Doit
2762 4134 2869 4175 son
2912 4119 3133 4189 origin·
3174 4136 3247 4175 aa

743 4202 2077 4271 mmmmmtruitpnrnmallohoeamx·
2098 4203 2465 4267 sisela—(8)
2500 4200 2811 4265 [nunde.
2840 4200 3247 4270 vitmacen-

746 4300 919 4339 mune
931 4284 1004 4339 de
1025 4283 1730 4353 Saciergeo-Saint-Hartin,
1749 4290 1958 4340 canton
1982 4286 2055 4340 de
2068 4284 2751 4345 Saint—Benoit-du-Sault,
2770 4282 3251 4337 attondi-ment

745 4366 1351 4431 duBlancssndre).—
1371 4368 1448 4431 (3)
1487 4366 2736 4435 Amentomrcmach-Ldemkarr.
2758 4363 3247 4419 declina-rou

745 4448 966 4511 (indre).
990 4449 1275 4503 Ancionne
1289 4449 1492 4504 station
1509 4450 1965 4518 Arnum-amu,
1986 4466 2086 4505 sur
2106 4450 2163 4504 la
2177 4449 2306 4503 voie
2324 4449 2576 4504 romaine
2590 4448 2663 4503 de
2678 4446 3249 4515 Poitiersassoutoe.

741 4528 3249 4601 —(4)c²esthcrymecontemnuetombemdehaim—onregliaeone-nene,—

741 4612 1264 4681 ainnqn'ilreonort
1293 4612 1624 4669 domin-acle
1653 4614 2199 4681 precedentetnon
2232 4630 2334 4682 pu
2368 4614 2428 4668 la
2458 4611 2712 4681 chapelle
2750 4608 3245 4674 duffio-defin.

743 4708 966 4749 comme
1003 4696 1277 4750 lacrui
1315 4700 1430 4752 tort
1465 4696 1608 4752 Joan
1643 4694 2207 4762 mmuh-owe
2244 4692 3255 4763 mdoemdc-nde
