3557 5449
836 414 988 488 304
1959 433 2207 487 Passio

832 623 1061 687 rantes
1101 619 1530 686 christianam
1572 619 1776 687 fidem
1816 620 2065 705 ubique
2105 618 2461 686 defendere
2504 621 2595 686 et·
2612 638 2735 703 pro
2777 619 3061 698 Christo,
3090 623 3161 686 et
3194 619 3329 687 fide

837 721 978 786 eius
1005 721 1173 785 mori
1201 719 1383 786 nulla
1425 739 1510 785 ex
1547 723 1742 803 parte
1783 719 2037 786 timere.
2076 714 2441 802 Postquam
2490 718 2686 801 igitur
2726 719 2937 786 multa
2972 719 3221 804 oppida
3262 723 3332 785 et

833 818 1135 884 civitates
1177 819 1687 884 christianorum
1727 818 1817 884 ab
1859 817 2079 900 impiis
2126 817 2475 884 Saracenis
2524 817 2835 886 obsessas
2883 817 3333 884 defendissent

835 916 1120 982 consiliis
1169 919 1238 982 et
1287 917 1508 992 armis,
1552 915 1904 982 manifesto
1956 916 2109 982 odio
2158 915 2677 999 insequebantur
2718 935 2833 981 eos
2874 915 3209 994 Saraceni,
3238 919 3335 982 ita

839 1019 912 1080 ut
969 1015 1404 1092 adiurassent,
1447 1015 1504 1079 si
1563 1013 1712 1098 quis
1765 1005 1881 1080 eos
1936 1017 2223 1097 caperet,
2274 1033 2552 1097 magnos
2600 1013 2903 1091 honores,
2954 1019 3023 1080 et
3070 1016 3333 1082 divitias
3368 1028 3399 1078 5

838 1115 1334 1198 assequeretur;
1363 1116 1441 1178 ut
1467 1115 1586 1178 aut
1614 1109 1861 1178 Christi
1885 1111 2089 1179 fidem
2122 1115 2457 1195 negarent,
2486 1115 2605 1177 aut
2640 1111 3089 1180 crudelissima
3116 1119 3333 1180 morte

837 1213 1152 1295 perirent.
1181 1211 1368 1290 Quae
1393 1211 1620 1276 omnia
1647 1229 1799 1276 cum
1842 1211 1953 1277 isti
1994 1211 2237 1277 Christi
2264 1210 2507 1276 milites
2535 1210 2933 1290 didicissent,
2960 1231 3097 1278 non
3124 1213 3336 1278 territi

839 1311 961 1376 sed
992 1311 1200 1393 magis
1231 1309 1452 1388 fortes,
1483 1308 1726 1376 Christi
1756 1310 2001 1375 virtute
2022 1309 2271 1374 efficaci
2300 1309 2486 1392 signo
2514 1309 2723 1375 crucis
2746 1329 2818 1376 se
2844 1310 3219 1377 munientes
3246 1311 3337 1377 ad

840 1410 1176 1476 civitatem
1205 1409 1467 1475 Christo
1495 1408 1853 1474 amabilem
1882 1411 1945 1474 et
1978 1408 2263 1485 fidelem,
2292 1427 2465 1491 quae
2506 1407 2685 1473 Gaza
2710 1407 2889 1474 dicta
2916 1413 3035 1486 est,
3065 1429 3219 1476 cum
3249 1411 3337 1476 ab

842 1509 1244 1592 impiissimis
1271 1506 1635 1573 Saracenis·
1669 1506 2101 1584 obsideretur,
2130 1525 2363 1571 omnes
2412 1505 2653 1572 Christi
2702 1508 3043 1592 sexaginta
3093 1509 3338 1575 milites
3374 1517 3434 1570 ιο

844 1606 996 1672 sorti
1039 1595 1263 1671 animo
1320 1605 1560 1671 armati
1611 1609 2049 1682 accesserunt,
2098 1609 2175 1670 ut
2215 1623 2446 1670 omnes
2481 1605 2594 1688 qui
2632 1605 2721 1670 ibi
2758 1606 3038 1672 aderant
3092 1606 3341 1674 Christi

843 1704 1074 1770 fideles
1102 1704 1553 1786 defenderent.
1583 1703 1730 1770 Hoc
1757 1706 1983 1769 autem
2028 1702 2277 1769 factum
2306 1707 2407 1769 est
2434 1708 2753 1786 regnante
2776 1704 3055 1770 Domino
3082 1709 3337 1785 nostro,

845 1822 1022 1869 anno
1061 1803 1378 1887 vigesimo
1422 1803 1707 1886 septimo
1752 1792 2041 1868 Heraclii
2089 1802 2505 1885 imperatoris
2533 1821 2575 1867 a
2610 1803 2750 1868 Deo
2791 1804 3105 1870 coronati.
3140 1804 3339 1884 Quod

723 1931 728 1934 ·
843 1921 996 1968 curn
1023 1902 1148 1985 ipsi
1177 1891 1490 1968 Saraceni
1517 1901 1918 1979 didicissent,
1942 1900 2067 1966 hos
2096 1901 2340 1966 scilicet
2370 1901 2611 1966 Christi
2648 1901 2893 1976 ⁸milites
2934 1903 3003 1967 in
3026 1903 3339 1986 praefata

843 2000 1110 2066 civitate
1137 2017 1304 2078 esse,
1331 2002 1895 2083 congregaverunt
1922 1997 2132 2064 multo
2164 1998 2501 2064 fortiorem
2532 1999 2911 2078 exercitum,
2952 2005 3029 2065 ut
3054 2000 3125 2066 in
3159 2002 3342 2067 nullo
3377 2009 3429 2060 15

842 2103 1042 2182 pacto
1073 2099 1250 2164 exire
1281 2102 1550 2180 possent
1559 2122 1578 2176 3
1605 2103 1672 2163 et
1699 2115 1855 2163 cum
1882 2101 2076 2162 nocte
2103 2115 2183 2162 ac
2203 2097 2309 2162 die
2332 2097 2689 2167 bellassent
2717 2097 2959 2164 Christi
2985 2103 3341 2184 martyres,

843 2195 1088 2263 multos
1118 2216 1200 2262 ex
1228 2197 1353 2262 illis
1380 2196 1729 2262 Saracenis
1757 2195 2065 2262 continue
2094 2195 2594 2261 interficiebant.
2622 2196 2776 2279 Ipsa
2813 2189 3051 2287 tamen·
3080 2199 3336 2276 civitas,

844 2314 1017 2379 quae
1047 2295 1161 2360 diu
1188 2296 1463 2360 obsessa
1491 2295 1724 2373 fuerat,
1753 2295 2149 2360 necessitate
2179 2299 2427 2372 coacta,
2456 2313 2607 2360 cum
2636 2295 2795 2378 quid
2822 2297 3170 2362 comedere
3196 2317 3337 2363 non

844 2394 1188 2470 haberent,
1219 2413 1369 2458 cum
1397 2392 1745 2458 Saracenis
1788 2392 2437 2470 confoederaverunt,
2467 2393 2651 2458 inviti
2690 2397 2943 2472 tamen,
2980 2414 3068 2460 ne
3104 2395 3339 2461 civitas

844 2493 1314 2566 destrueretur,
1387 2496 1454 2556 et
1501 2491 1677 2557 cives
1738 2489 2279 2556 interficerentur.
2337 2491 2552 2574 Capta
2591 2489 2786 2574 igitur
2862 2493 3129 2559 civitate
3182 2513 3337 2560 cum
3375 2500 3435 2550 2⁰

843 2590 1152 2655 omnibus
1179 2589 1422 2656 Christi
1449 2589 1784 2666 militibus,
1815 2587 2127 2654 Saraceni
2168 2588 2413 2654 Christi
2440 2607 2673 2654 omnes
2716 2590 2955 2656 milites
2984 2590 3341 2658 inferratos

837 2691 912 2756 in
938 2707 1270 2756 carcerem
1298 2689 1651 2766 miserunt;
1695 2688 1809 2771 qui
1838 2685 1977 2753 Deo
2006 2707 2080 2754 se
2123 2687 2429 2753 continue
2458 2688 2982 2769 committebant,
3009 2695 3087 2755 ut
3128 2689 3338 2757 fortes

843 2790 912 2855 in
951 2788 1084 2854 fide
1127 2792 1194 2853 et
1237 2787 1480 2853 Christi
1506 2807 1734 2853 amore
1764 2790 2007 2865 essent,
2037 2791 2302 2852 orantes
2338 2792 2414 2853 ut
2440 2788 2723 2871 gratiam
2752 2808 2789 2854 e
2819 2789 3001 2855 caelo
3032 2790 3127 2855 eis
3156 2790 3341 2857 Deus

844 2888 1203 2954 concedere
1233 2886 1634 2969 dignaretur.

927 2994 1000 3052 2.
1045 2986 1298 3081 Quibus
1347 2984 1617 3068 angelus
1667 3002 1819 3049 cum
1866 2984 2159 3049 maxima
2205 2982 2349 3048 luce
2400 3003 2515 3049 eos
2576 2984 2953 3051 confortans
3002 2988 3339 3070 apparuit,
3378 3001 3441 3051 25

843 3084 1212 3151 admonens
1259 3104 1344 3150 ne
1393 3084 1588 3149 minis
1631 3086 1750 3148 aut
1788 3079 2135 3147 toi-mentis
2184 3082 2416 3148 Ambri
2448 3103 2489 3148 a
2519 3083 2760 3150 Christi
2810 3104 3039 3150 amore
3090 3089 3157 3151 et
3202 3086 3341 3151 fide

843 3183 1284 3260 discederent;
1333 3182 1490 3265 quia
1541 3180 1635 3247 eis
1684 3200 1961 3253 coronas
2010 3181 2581 3247 immarcessibiles
2632 3202 2754 3264 pro
2804 3181 2947 3249 istis
2994 3184 3341 3249 laboribus

843 3282 1146 3349 Christus
1171 3283 1544 3364 paraverat.
1573 3280 1810 3345 Tunc
1791 3278 1920 3362 1psi
1948 3279 2297 3345 confortati
2326 3284 2725 3361 rogaverunt
2750 3280 3057 3364 angelum
3082 3286 3162 3348 ut
3174 3280 3339 3366 quid

843 3381 928 3447 de
956 3382 1052 3446 eis
1081 3370 1256 3445 esSet
1289 3380 1490 3444 beato
1533 3377 1834 3443 Floriano
1862 3378 2219 3457 intimaret,
2250 3380 2405 3460 quia
2433 3378 2575 3460 ipse
2619 3398 2848 3444 eorum
2890 3379 3029 3445 dux
3056 3386 3221 3459 erat,
3260 3387 3340 3447 ut

844 3482 1208 3562 antequam
1230 3480 1644 3543 morerentur
1673 3476 1890 3558 ipsum
1920 3476 2144 3541 videre
2172 3479 2463 3558 possent,
2488 3482 2835 3560 sperantes
2862 3479 3042 3561 quod
3059 3485 3339 3565 propter
3374 3492 3437 3542 31)

846 3579 986 3643 eius
1013 3576 1353 3643 salutifera
1394 3575 1646 3641 monita
1675 3574 1905 3640 fortius
1933 3593 2054 3657 pro
2100 3572 2341 3639 Christi
2384 3576 2649 3640 nomine
2690 3580 3025 3643 tormenta
3051 3580 3339 3645 sustine-

844 3680 1014 3742 rent.
1063 3674 1256 3754 Quod
1305 3694 1456 3739 cum
1497 3672 1770 3756 angelus
1814 3676 2029 3737 totum
2080 3672 2421 3749 effecisset,
2452 3674 2691 3738 beatus
2742 3674 3083 3741 Florianus
3124 3678 3339 3761 inquit

845 3774 1188 3859 angelo·“
1239 3773 1322 3837 Et
1363 3792 1484 3856 ego
1513 3771 1756 3838 Christi
1800 3764 1987 3836 miles
2027 3770 2326 3854 nunquid
2371 3772 2539 3836 effici
2568 3776 2882 3854 possum?
2922 3792 3073 3839 cum
3114 3778 3339 3841 omnia

844 3878 1124 3957 paratus
1165 3892 1314 3937 sum
1348 3890 1470 3954 pro
1515 3890 1594 3936 eo
1625 3871 1861 3947 facere,
1891 3872 1958 3934 et
1984 3869 2209 3952 pati„
2243 3869 2463 3952 Inquit
2492 3869 2551 3935 ei
2594 3870 2957 3953 angelusv
2992 3873 3163 3951 Tibi,
3190 3880 3339 3940 tan·

848 3990 1054 4056 quam
1081 3969 1230 4035 duci
1259 3970 1470 4035 maior
1497 3987 1720 4051 pugna
1746 3968 2043 4046 debetur,
2072 3972 2148 4033 ut
2175 3972 2411 4050 postea
2440 3968 2885 4049 gloriosiorem
2913 3990 3229 4039 coronam
3272 3979 3337 4040 et
3375 3984 3435 4035 35

844 4069 1164 4153 triumphi
1207 4066 1582 4140 mercedem
1623 4066 1940 4148 accipias3
1988 4066 2095 4131 isti
2139 4069 2206 4132 te
2239 4066 2661 4149 praecedent,
2700 4070 2773 4132 tu
2804 4088 2917 4134 eos
2954 4072 3270 4153 sequeris.
3306 4125 3332 4151 „

846 4168 1228 4237 Recedente
1272 4165 1504 4249 angelo
1532 4166 1768 4230 beatus
1817 4164 2177 4242 Florianus,
2224 4164 2337 4248 qui
2378 4156 2537 4230 tunc
2580 4164 2649 4229 in
2697 4165 3051 4233 Ierusalem
3094 4170 3335 4249 stabat,

847 4267 1234 4351 genuflexus
1273 4266 1511 4331 orabat
1554 4264 1889 4329 Christum
1933 4282 2083 4329 cum
2143 4262 2447 4341 lacrimiS,
2492 4262 2567 4329 ut
2630 4264 2755 4329 sibi
2817 4266 3216 4349 sapientiam
3271 4273 3337 4335 et

850 4366 1130 4449 gratiam
1161 4368 1426 4429 tantam
1449 4362 1857 4441 concederet,
1888 4362 2067 4445 quod
2096 4361 2183 4426 illi
2213 4361 2451 4427 milites
2481 4381 2722 4444 magno
2751 4364 2972 4429 animo
3004 4364 3339 4433 Christum

850 4465 971 4531 Dei
997 4463 1406 4545 unigenitum
1449 4460 1652 4525 filium
1702 4464 1772 4526 et
1812 4460 2087 4527 humani
2128 4460 2411 4543 generis·
2430 4459 2923 4544 redemptorem
2949 4464 3339 4531 confiteren-
3379 4482 3439 4532 ω

849 4568 979 4642 tur,
1036 4567 1104 4628 et
1157 4562 1639 4628 Saracenorum
1686 4562 2019 4625 tormenta
2084 4577 2207 4641 pro
2266 4559 2526 4625 Christo
2583 4559 3003 4639 sustinentes,
3066 4564 3343 4631 tandem

851 4661 1193 4728 moriendo
1238 4664 1580 4725 aeternam
1630 4656 2109 4723 beatitudinem
2164 4657 2599 4740 possiderent.
2648 4657 2995 4743 Completa
3022 4652 3343 4743 oratione,

849 4760 1306 4842 apparuerunt
1334 4756 1390 4820 ei
1421 4754 1766 4837 sexaginta
1794 4758 2123 4837 martyres
2149 4753 2418 4820 iuvenes
2446 4750 2955 4837 splendidissimi
2977 4776 3131 4823 cum
3157 4778 3349 4827 coro-
