3557 5449
1114 390 1271 451 xm·
1318 396 1411 451 rr
1458 390 1615 453 xrv⁶
1662 380 1926 453 stam.
2601 381 2742 457 441
2807 435 2816 442 -

262 583 575 650 dendum.
618 583 747 649 Per
794 585 1018 651 omnia
1062 584 1446 670 benedictus
1488 586 1685 667 Deua
1735 586 1850 673 qui
1885 606 2010 671 per
2049 589 2289 661 merita
2335 590 2747 657 sanctissime

264 682 507 749 famule
536 702 655 750 sue
679 682 1105 767 Radegundis
1125 685 1452 752 medelam
1476 685 1798 769 languidis
1817 689 2075 769 prestat
2093 688 2418 755 sanitatIs.

348 788 421 847 6.
466 780 719 847 Eodem
774 801 950 847 anno
1004 782 1347 867 Philippus
1400 783 1729 867 Anglicus,
1785 784 2098 851 robustus
2142 786 2343 870 pugil,
2397 787 2483 853 de
2537 787 2747 873 burgo

266 878 532 945 Dolensi
560 880 677 965 (1),
704 880 1015 946 diuturno
1056 879 1367 965 languore
1410 881 1609 948 variis
1658 881 1991 948 doloribus
2031 882 2102 950 in
2140 883 2421 951 diversis
2458 886 2748 969 corporis

194 999 231 1049 5
263 976 567 1060 partibus
622 979 925 1058 afflictus,
980 980 1196 1046 officio
1250 981 1697 1047 membrorum
1754 981 2111 1050 destitutus
2151 1002 2275 1069 per
2310 984 2578 1087 viginti
2597 988 2748 1051 octo

267 1076 695 1155 ebdomadas,
744 1076 915 1144 sicut
961 1078 1106 1162 ipse
1152 1078 1224 1143 in
1264 1078 1535 1145 ecclesia
1577 1082 1645 1145 et
1692 1078 1852 1145 alibi
1883 1100 2123 1147 coram
2171 1078 2476 1149 universa
2521 1083 2750 1166 populi

267 1174 690 1243 multitudine
742 1176 1059 1255 narravit,
1116 1176 1237 1243 ad
1267 1177 1463 1243 beate
1524 1176 1952 1261 Radegundis
2007 1179 2408 1247 adiutorium
2461 1180 2749 1264 confugit

268 1272 691 1339 confidenter.
722 1274 849 1371 Qui
885 1294 1038 1340 cum
1074 1274 1419 1341 Rofiacum
1446 1276 1545 1360 (2)
1581 1296 1792 1360 prope
1823 1276 2078 1343 Oblanc
2093 1279 2115 1316 ¹
2148 1277 2409 1345 duabus
2437 1274 2760 1362 potentiis

198 1422 201 1425 Α
270 1388 343 1436 se
371 1374 752 1439 sustentans
792 1373 905 1438 vix
939 1372 1247 1451 venisset,
1276 1372 1429 1440 inde
1460 1373 1654 1439 unico
1680 1374 1962 1447 baculo
1943 1392 2014 1441 m
2055 1377 2340 1441 crastino
2382 1374 2752 1453 contentus,

165 1490 231 1543 10
270 1469 359 1535 ad
403 1470 825 1554 sepulchrum
866 1471 1232 1537 felicissime
1271 1472 1492 1556 regine
1516 1473 1716 1551 venit,
1745 1472 1968 1557 ibique
1995 1466 2137 1539 Deo
2163 1478 2357 1558 grata
2381 1474 2752 1541 devotionis

273 1571 341 1633 et
368 1568 684 1635 orationis
720 1589 999 1637 munera
1038 1571 1342 1649 offerens,
1380 1571 1828 1655 pernoctavit.-
1818 1570 1962 1638 -Die
2004 1576 2230 1639 autem
2271 1574 2578 1651 crastina,
2605 1572 2754 1640 fusa

272 1668 571 1733 oratione
600 1668 958 1753 auditaque
997 1670 1222 1749 missa,
1257 1669 1477 1735 robori
1520 1674 1587 1736 et
1612 1669 1889 1754 pristine
1917 1669 2186 1737 sanitati
2215 1671 2518 1751 donatus,
2557 1690 2753 1755 repa-

272 1766 494 1833 triavit
514 1767 819 1833 exultans
847 1772 915 1834 et
942 1768 1212 1834 exiliens
1246 1772 1314 1835 et
1330 1768 1610 1835 laudans
1639 1768 1995 1839 Deum..

356 1874 428 1931 7.
476 1866 652 1932 Inter
674 1867 921 1933 crebra
932 1867 1268 1946 miracula,
1292 1887 1420 1952 que
1442 1866 1761 1939 Dominus
1789 1868 2043 1935 meritis
2071 1868 2482 1935 sanctissime
2499 1866 2757 1953 ²famule

172 1987 236 2039 15
274 1985 396 2032 sue
434 1964 862 2049 Radegundis
903 1964 1209 2049 dignatur
1248 1966 1594 2032 ostendere
1630 1966 1954 2045 fidelibus,
1981 1970 2058 2033 ut
2093 1968 2181 2033 ab
2210 1967 2304 2033 eis
2346 1966 2647 2033 devotius
2689 1970 2760 2032 et

276 2063 617 2131 ardentius
670 2064 1050 2143 honoretur,
1098 2064 1257 2130 illud
1312 2065 1564 2148 insigne
1615 2065 2006 2131 miraculum
2061 2065 2387 2149 frequenti
2440 2064 2758 2158 memoria

278 2162 551 2246 dignum
576 2160 947 2240 recitemus,
991 2162 1170 2247 quod
1198 2163 1431 2229 eodem
1460 2182 1635 2229 anno
1677 2162 1998 2229 Dominus
2025 2163 2177 2229 feeit
2215 2163 2304 2229 ad
2331 2167 2761 2247 augmentum

275 2260 511 2339 laudis,
551 2260 754 2344 glorie
791 2264 858 2326 et
896 2261 1166 2327 honoris
1194 2262 1389 2329 beate
1428 2261 1649 2345 regine
1680 2260 1916 2328 dilecte
1957 2281 2096 2328 sue.
2123 2260 2284 2327 Fsat
2333 2262 2402 2328 in
2440 2262 2760 2345 parochia

276 2358 506 2425 Sancti
558 2360 891 2425 Ambrosii
944 2360 1043 2444 (4)
1088 2360 1279 2426 iuxta
1326 2359 1743 2427 Exoldunum
1799 2361 1916 2445 (5),
1963 2360 2388 2427 Bituricensis
2439 2360 2759 2445 dyocesiS,

172 2478 239 2530 ω
280 2457 552 2541 quidam
592 2456 865 2535 iuvenis,
897 2455 1276 2524 Guillelmus
1296 2459 1583 2536 nomine,
1610 2459 1842 2525 unicus
1869 2458 2040 2525 filius
2067 2456 2412 2525 cuiusdam
2439 2463 2762 2535 matrone,

278 2556 546 2621 nomine
594 2556 973 2640 Μαι-(1111313,
1023 2557 1137 2640 qui
1184 2556 1321 2623 fere
1370 2558 1593 2623 annali
1639 2557 1954 2641 languore
2003 2556 2338 2624 confectus
2385 2557 2555 2623 adeo
2609 2575 2763 2623 con-

278 2657 583 2740 sumptus
614 2659 777 2734 erat,
820 2654 999 2739 quod
1038 2654 1221 2721 nulla
1258 2655 1621 2740 repellebat
1662 2675 1705 2721 a
1742 2655 1916 2740 pelle
1951 2657 2322 2740 parentesis
2361 2676 2536 2723 ossa.
2575 2656 2762 2721 Idem

272 2775 395 2840 per
422 2755 715 2821 triduum
756 2755 1012 2838 absque
1038 2755 1350 2821 alimento
1379 2755 1505 2821 cibi
1541 2759 1608 2821 et
1649 2760 1847 2839 potus
1873 2756 2276 2839 perstiterat,
2303 2755 2501 2821 nichil
2529 2755 2760 2821 videns

274 2873 395 2920 seu
448 2853 833 2936 intelligens,
886 2853 1113 2919 Tertia
1164 2857 1390 2919 autem
1443 2853 1549 2919 die
1605 2853 1775 2920 illius
1831 2854 2052 2932 tridui,
2106 2857 2348 2934 motuS,
2401 2873 2636 2920 sensus
2693 2855 2761 2918 et

170 2971 239 3022 25
274 2952 557 3019 anelitus
599 2953 1036 3036 universaque
1077 2953 1264 3034 signa
1304 2951 1529 3018 vitalia
1564 2952 1633 3016 in
1660 2971 1742 3017 eo
1765 2953 2033 3036 penitus
2074 2953 2446 3020 defuerunt.
2473 2951 2761 3018 Creden-
2827 3039 2834 3044 .

272 3051 453 3117 tibus
494 3053 720 3118 autem
760 3051 1029 3129 cunctis,
1072 3051 1185 3134 qui
1236 3051 1534 3128 aderant,
1578 3051 1802 3134 ipsum
1849 3070 1997 3117 esse
2044 3052 2437 3129 exanimem,
2481 3051 2760 3134 exequie
2819 3080 2828 3086 ·

274 3151 733 3234 disponuntur,
776 3167 1014 3232 corpus
1055 3148 1344 3216 abluitur
1379 3153 1448 3216 et
1474 3150 1543 3215 in
1568 3149 1838 3216 sudario
1879 3169 2091 3235 usque
2131 3150 2220 3216 ad
2261 3150 2556 3217 medium
2597 3169 2756 3216 con·

276 3250 504 3315 suitur,
534 3249 745 3315 Mater
770 3268 930 3314 vero
956 3248 1125 3318 illius
1152 3269 1226 3314 se
1252 3247 1386 3314 filio
1412 3249 1721 3315 orbatam
1746 3249 2094 3327 extimans,
2120 3269 2378 3316 morem
2405 3249 2762 3316 femineum

273 3348 451 3414 ultra
489 3345 765 3413 modum
806 3366 1099 3425 servans,
1127 3345 1431 3423 clamore,
1462 3347 1709 3413 eiulatu
1751 3350 1821 3412 et
1863 3347 2150 3414 lacrimis
2175 3367 2374 3414 aures
2399 3347 2764 3413 astantium
2835 3379 2842 3386 ·

171 3459 239 3511 30
273 3466 455 3524 voce,
498 3445 715 3523 corde,
758 3439 1216 3528 compassione
1257 3445 1832 3512 vehementissime
1865 3445 2284 3533 percellebat.
2327 3446 2503 3511 Inter
2543 3449 2766 3512 cetera

273 3565 431 3611 vero
473 3544 716 3610 doloris
758 3547 827 3609 et
867 3545 1145 3610 meroris
1171 3544 1397 3621 verba,
1426 3545 1549 3610 hec
1588 3563 1740 3610 cum
1781 3544 2070 3610 clamore
2107 3543 2322 3629 inquit
2373 3567 2390 3610 z
2439 3549 2467 3580 '¹
2515 3543 2766 3610 Sancta

284 3696 311 3724 ‚‚
356 3643 628 3709 domina
668 3641 1115 3727 RadegundiS,
1145 3662 1275 3727 que
1302 3647 1404 3709 tot
1444 3646 1511 3709 et
1552 3645 1743 3709 tanta
1781 3643 2102 3710 miracula
2141 3644 2453 3710 divitibus
2495 3646 2562 3708 et
2591 3663 2763 3728 pau-

280 3793 308 3822 ,
356 3741 627 3826 peribus
674 3741 906 3821 facitiS,
956 3761 1086 3825 que
1134 3741 1206 3806 in
1252 3741 1390 3807 vita
1439 3744 1507 3808 et
1554 3745 1709 3825 post
1750 3745 2038 3808 mortem
2077 3761 2344 3826 semper
2387 3741 2758 3808 misericors

346 3914 955 4010 amomacum.

340 4165 416 4228 (1)
450 4163 635 4228 nsok,
672 4163 1155 4232 Boua-demol-
1197 4177 1277 4218 οι
1318 4163 1688 4231 Bonrss-Dicu,
1709 4162 1864 4218 clx-4.
1899 4163 1974 4218 de
2004 4177 2228 4228 comm„
2265 4167 2412 4218 cant.
2444 4167 2504 4218 et
2543 4178 2652 4218 an.
2694 4163 2767 4218 de

273 4245 665 4301 Chatcauroux
686 4245 911 4310 (Indre).
951 4245 1040 4301 Au
1061 4245 1159 4300 vl·
1180 4245 1363 4312 decio,
1386 4243 1632 4300 Mensis
1670 4245 1824 4300 vicu
1859 4243 2047 4309 (Gaas.
2067 4243 2220 4312 Tua„
2250 4245 2402 4301 Ηίει.
2432 4243 2530 4301 ἢ.
2564 4244 2634 4310 11,
2667 4245 2765 4310 183

274 4327 429 4386 (ἰὼν.
456 4325 611 4396 Cous.
636 4328 741 4392 91).
776 4327 900 4382 Une
930 4327 1147 4397 abbaye
1168 4325 1520 4383 benedictino
1542 4343 1579 4397 y
1611 4319 1696 4382 fut
1717 4327 1938 4393 rondes,
1959 4343 2032 4383 en
2051 4328 2170 4393 917,
2192 4343 2294 4396 par
2327 4327 2498 4383 Ebles
2515 4327 2766 4382 l'Ancien

272 4409 535 4474 (Ant-an,
556 4407 807 4465 vank.
832 4409 928 4474 111.
950 4409 1055 4474 21).
1098 4437 1170 4449 —
1209 4411 1283 4474 (2)
1318 4409 1531 4473 Βαίου,
1569 4407 1723 4465 eh.·1.
1763 4409 1837 4465 de
1857 4425 2079 4475 comm„
2099 4414 2246 4465 cant.
2269 4414 2328 4464 et
2363 4425 2472 4464 arr.
2493 4409 2571 4464 du
2592 4409 2766 4464 Blanc

272 4492 495 4556 (Indre).
516 4519 582 4531 —
606 4491 679 4556 (3)
700 4490 781 4545 Le
796 4491 988 4556 Blanc,
1007 4491 1167 4547 >ela-l.
1192 4491 1357 4547 d'arr.
1378 4491 1601 4557 (Indre).
1614 4519 1687 4532 —
1700 4491 1777 4557 (4)
1797 4491 2266 4557 Saiut-Ambroix,
2286 4489 2440 4547 clm-l.
2454 4491 2528 4547 de
2541 4507 2768 4556 comm..

270 4579 415 4630 cant.
446 4573 520 4629 de
552 4573 809 4638 Charost,
841 4589 950 4628 arr.
985 4573 1058 4629 de
1080 4574 1329 4642 Bourge-
1363 4573 1570 4640 (Cher).
1606 4574 1898 4630 Ancienm
1935 4573 2141 4630 station
2173 4573 2556 4640 Mam,
2597 4589 2694 4630 nur
2715 4575 2770 4629 la

262 4656 397 4711 'voie
410 4656 666 4711 romaine
685 4655 757 4710 de
780 4655 1017 4710 Poitiers
1048 4659 1086 4711 a
1106 4655 1371 4725 Bous-ges.
1392 4685 1461 4696 —
1482 4658 1558 4721 (5)
1590 4657 1884 4724 laundun,
1905 4656 2061 4712 cla-l.
2080 4656 2247 4712 d'arr.
2279 4655 2501 4724 (Indre).
2521 4655 2770 4712 laedite

267 4737 495 4808 antique
515 4737 589 4792 ou
610 4736 697 4792 fut
718 4736 938 4804 tondeo,
960 4753 1089 4794 vers
1111 4737 1228 4805 94⁷,
1260 4754 1373 4796 une
1392 4739 1609 4808 abbaye
1624 4735 2166 4809 benedictinessffidl.
2186 4738 2402 4815 aaron„
2426 4737 2494 4804 11,
2518 4739 2653 4802 156).
