3557 5449
886 399 1311 453 sanc-roam!
1341 365 1756 453 summu
1810 401 2225 456 mannen.
2656 383 2797 456 301

313 588 668 664 vicesimo
721 589 1056 682 ¹septimo
1125 589 1445 665 Heraclii
1503 590 1977 684 imperatoris
2042 615 2089 666 a
2156 591 2311 668 Deo
2372 598 2801 668 coronatus.

311 705 624 779 Factum
672 709 789 778 est
831 710 1088 778 autem
1135 704 1214 778 in
1265 699 1598 798 tempore
1645 706 1774 780 illo
1822 707 1920 805 de⁴
1949 706 2189 782 atheis
2238 707 2669 782 Sarracenis
2718 713 2805 782 ut

309 819 734 894 obsiderent
759 817 1036 894 Christi
1070 819 1472 894 amabilem
1511 819 1888 895 civitatem
1922 821 2227 914 Gazam,
2256 829 2330 896 et
2361 821 2803 897 necessitate

308 940 570 1009 coacta
602 933 864 1008 civitas
896 933 1274 1026 petierunt
1305 934 1641 1008 verbum.
1679 934 1897 1024 Quod
1932 941 2006 1010 et
2038 936 2324 1010 factum
2372 942 2507 1011 est.
2544 937 2811 1011 Sarra--

231 1069 270 1121 5
308 1051 511 1124 cenis
567 1069 749 1122 vero
807 1049 1174 1122 dederunt
1233 1049 1302 1124 ei
1357 1051 1696 1140 verbum,
1753 1051 2040 1144 absque
2098 1050 2465 1125 militibus
2507 1051 2657 1144 qui
2721 1051 2803 1125 in

265 1161 270 1164 ’
307 1165 569 1238 eadem
603 1161 978 1238 civitatem
1015 1163 1214 1256 capti
1248 1169 1451 1238 sunt.
1486 1164 1992 1257 Ingredientoe
2026 1172 2281 1240 autem
2316 1165 2693 1240 civitatem
2728 1171 2805 1240 et

306 1275 683 1371 capientes
718 1277 1382 1376 christianissimos
1407 1277 1685 1360 milites
1719 1279 2088 1373 miserunt
2122 1301 2253 1355 eos
2286 1279 2367 1354 in
2406 1292 2803 1356 carcerem.

303 1393 818 1486 Subsequenti·
856 1411 1032 1467 vero
1064 1391 1183 1467 die
1234 1391 1453 1478 iussit
1487 1393 1821 1467 Ambrus
1864 1395 2132 1480 adduci
2167 1401 2472 1470 sanctos
2523 1394 2800 1469 Christi

265 1507 617 1596 ·milites;
671 1506 800 1600 qui
852 1513 927 1581 et
977 1505 1276 1597 adducti
1326 1513 1502 1581 ante
1551 1528 1750 1598 eum,
1804 1510 2119 1602 cogebat
2158 1519 2289 1582 eo's
2338 1509 2713 1584 discedere
2756 1531 2805 1584 a

201 1640 266 1692 ιο
304 1611 581 1696 Christi
617 1623 1197 1703 confessioneet
1231 1644 1280 1695 a
1311 1621 1638 1715 pretiosa
1671 1629 1747 1696 et
1782 1622 2159 1696 vivificam
2190 1645 2484 1718 crucem
2516 1623 2804 1698 domini

305 1737 547 1840 nostri
628 1734 799 1810 Iesu
865 1736 1162 1810 Christi.
1259 1735 1430 1809 Non
1505 1743 1763 1811 autem
1832 1738 2497 1830 consentientibus,
2586 1738 2806 1812 iussit

303 1851 640 1925 Ambrus
686 1850 1018 1951 separari
1041 1851 1149 1922 'ab
1201 1850 1309 1924 eis
1343 1871 1626 1925 uxores·
1669 1857 1745 1924 et
1778 1851 1978 1925 filios
2014 1859 2091 1926 'et
2143 1874 2360 1926 arma
2408 1874 2693 1944 eorum,
2729 1859 2807 1926 et

301 1966 578 2044 iterum
627 1963 825 2039 mitti
870 1985 1000 2046 eos
1033 1963 1131 2038 -in
1159 1958 1558 2062 carcerem.
1598 1965 1989 2040 Facientes
2024 1953 2276 2040 autem
2317 1968 2400 2040 in
2434 1989 2803 2042 carcerem

300 2081 460 2155 dies
495 2079 824 2174 triginta,
849 2087 935 2164 ,et
967 2078 1186 2153 iussit
1222 2100 1352 2153 eos
1385 2067 1656 2172 iterum
1689 2080 2090 2154 inferratos
2114 2081 2283 2155 duci
2319 2080 2395 2154 in
2426 2081 2803 2184 civitatem

197 2213 266 2264 15
301 2194 438 2290 qui
495 2193 1072 2288 cognominatur
1129 2184 1746 2286 Eleutheropolis,
1796 2202 1872 2269 et
1930 2194 2204 2269 ibidem
2258 2194 2529 2270 iterum
2592 2196 2803 2271 missi

300 2307 382 2382 in
435 2328 807 2384 carcerem
867 2327 999 2408 per
1057 2329 1357 2381 menses
1408 2305 1622 2381 duos,
1674 2307 1862 2381 Item
1914 2309 2292 2382 mandans
2345 2309 2801 2385 Sarracenos

301 2419 721 2495 transmisit
747 2439 974 2494 eos...
1015 2421 1040 2460 ²
1074 2419 1808 2512 <Eleu>theropolim
1844 2420 1873 2460 ²
1905 2421 2245 2494 ferratos
2272 2421 2369 2494 Et
2391 2421 2494 2495 ibi
2530 2422 2802 2496 iterum

299 2520 692 2610 facientes·
739 2527 986 2608 tribus
1067 2533 1480 2630 mensibuS‚
1565 2535 2001 2609 recordatus
2087 2534 2368 2627 impius
2443 2537 2799 2627 AmbruS,

300 2639 680 2724 mandans
747 2649 1202 2723 Sarracenos
1281 2648 1454 2722 tulit
1531 2648 1662 2723 eos
1731 2671 1807 2749 a
1844 2671 2158 2741 carcere,
2204 2656 2304 2737 et
2368 2651 2654 2724 ducens
2721 2651 2800 2724 in
2854 2713 2861 2718 .

191 2786 264 2837 ω
300 2771 646 2841 sanctam
707 2762 1086 2838 civitatem
1144 2764 1417 2853 iterum
1477 2762 1673 2838 mitti
1731 2762 1815 2837 in
1870 2785 2266 2838 carcerem.
2320 2764 2801 2858 Cognoscens

291 2886 556 2955 autem
604 2878 1128 2953 sanctissimus
1180 2878 1608 2971 patriarcha
1641 2878 2114 2971 Sophronius
2164 2880 2485 2954 vacabat
2518 2881 2615 2954 ad
2668 2901 2801 2954 eos
2920 2880 2923 2885 ’

298 2999 698 3069 noctanter
729 2994 1148 3067 admonens
1183 2998 1258 3066 et
1287 3014 1567 3085 rogans
1601 3014 1731 3070 eos
1765 2998 1853 3067 ut
1889 2994 1983 3067 de
2017 2992 2295 3067 Christi
2329 2992 2801 3069 confessione
2872 3048 2877 3051 -

299 3132 458 3183 non
485 3108 968 3198 discederent,
997 3107 1129 3200 qui
1153 3128 1290 3199 pro
1317 3107 1538 3181 nobis
1565 3126 1839 3199 passus
1868 3112 2007 3197 est,
2036 3115 2112 3182 et
2142 3129 2303 3182 non
2330 3116 2801 3200 separaretur

299 3246 504 3297 unu-s
561 3244 655 3296 ex
712 3222 895 3314 ipsis
953 3223 1045 3295 de
1093 3220 1373 3295 Christi
1422 3221 2005 3296 domini‘nostri
2057 3222 2225 3297 fide.
2280 3221 2520 3295 Simili
2571 3224 2799 3296 modo

190 3360 264 3410 25
300 3337 622 3411 faciebat
652 3336 856 3429 prior
891 3342 1326 3410 sanctorum
1359 3335 1638 3410 Christi
1684 3343 2109 3428 martyrum
2159 3336 2469 3411 nomine
2502 3336 2800 3411 Callini·
2860 3348 2867 3355 '

301 3452 460 3542 cu's,
497 3450 760 3525 cotidie
795 3472 1244 3525 ammonens
1287 3457 1362 3524 et
1401 3471 1682 3543 rogans
1715 3472 1847 3525 eos
1886 3448 1980 3523 ut
2012 3455 2263 3526 essent
2297 3451 2741 3526 imitatiores
2774 3452 2803 3491 ⁸

300 3572 738 3641 sanctorum
785 3564 1285 3658 quadraginta
1336 3570 1783 3657 martyrum.
1818 3565 2184 3639 Diabolus
2239 3573 2495 3640 'autem
2528 3565 2802 3640 iterum

299 3680 706 3755 imminens
765 3702 814 3752 a
869 3680 1025 3753 Deo
1084 3678 1436 3753 odibilem
1499 3680 1897 3769 Ambrum,
1959 3686 2134 3772 post
2195 3700 2497 3754 menses
2545 3681 2802 3754 decem

302 3794 600 3891 scripsit
633 3794 730 3867 ad
765 3792 1188 3867 Ammiram
1222 3794 1274 3883 ⁴,
1311 3792 1440 3885 qui
1478 3793 1555 3866 in
1610 3798 1953 3867 sanctam
2001 3793 2376 3868 civitatem
2412 3800 2575 3868 erat
2624 3795 2801 3885 dux,

197 3930 266 3982 ao
301 3914 608 4004 propter
672 3912 978 3981 sanctos
1063 3911 1435 3999 martyres
1519 3906 1775 3981 dicens
1844 3914 1928 3981 ut
2012 3908 2243 3981 vadat
2318 3908 2415 3981 ad
2498 3900 2805 3984 sanctos

303 4028 674 4115 martyres
706 4021 785 4095 in
821 4041 1193 4096 carcerem
1229 4022 1304 4095 et
1336 4020 1612 4095 diceret
1642 4027 1729 4094 ut
1761 4028 2040 4114 negent
2071 4022 2299 4096 fidem
2336 4044 2594 4110 suarm
2633 4029 2708 4098 et
2740 4024 2807 4098 si

305 4135 824 4219 consenserint
872 4142 961 4209 ut
1009 4141 1285 4229 negent
1334 4132 1742 4225 Christum,
1780 4134 2015 4209 tollite
2064 4135 2305 4210 ferros
2356 4157 2450 4209 ex
2502 4136 2689 4228 ipsis
2735 4142 2806 4211 et

305 4250 794 4325 transmittite
851 4271 983 4323 eos
1043 4270 1217 4323 cum
1275 4270 1642 4343 magnum
1702 4250 2107 4339 honorem;
2171 4255 2246 4324 et
2304 4250 2371 4323 si
2426 4251 2812 4325 noluerint

307 4364 756 4457 consentire,
789 4363 1116 4459 priorem
1149 4384 1413 4438 eorum
1457 4386 1630 4439 cum
1666 4364 1855 4438 alios
1896 4385 2175 4438 novem
2219 4365 2586 4439 decollare
2634 4371 2811 4439 ante

378 4642 402 4676 ²
433 4605 668 4707 Αιιῂιιω
682 4639 852 4693 aona
871 4639 1118 4703 ostem,-
1141 4606 1213 4706 cr.
1227 4652 1423 4705 mm,
1446 4626 1504 4705 μζ
1525 4642 1668 4693 290.
1696 4666 1762 4677 —
1786 4637 1812 4673 ²
1832 4638 1952 4693 ωα.
1978 4636 2335 4712 tammum.
2356 4666 2423 4677 -
2446 4637 2473 4673 ⁸
2494 4638 2579 4692 ita
2598 4638 2717 4693 ωα.
2745 4668 2811 4679 -

305 4722 335 4757 ⁴
353 4721 494 4789 rorte
513 4717 856 4775 scribendum
878 4719 1175 4775 ammiram
1199 4721 1464 4787 (ἀμηρᾱς)
1477 4739 1493 4784 3
1516 4720 1607 4773 σαί
1627 4719 1699 4787 cr.
1726 4734 1921 4787 supra,
1940 4734 2004 4787 p.
2033 4723 2181 4775 290.
