<?xml version="1.0" encoding="UTF-8"?>
<!DOCTYPE html PUBLIC "-//W3C//DTD XHTML 1.0 Transitional//EN"
    "http://www.w3.org/TR/xhtml1/DTD/xhtml1-transitional.dtd">
<html xmlns="http://www.w3.org/1999/xhtml" xml:lang="en" lang="en">
 <head>
  <title>
</title>
<meta http-equiv="Content-Type" content="text/html;charset=utf-8" />
  <meta name='ocr-system' content='tesseract 3.04.00' />
  <meta name='ocr-capabilities' content='ocr_page ocr_carea ocr_par ocr_line ocrx_word'/>
</head>
<body>
  <div class='ocr_page' id='page_1' title='image "analectabolland00bollgoog_0297.png"; bbox 0 0 3557 5449; ppageno 0'>
   <div class='ocr_carea' id='block_1_1' title="bbox 797 459 2783 534">
    <p class='ocr_par' dir='ltr' id='par_1_1' title="bbox 797 459 2783 534">
     <span class='ocr_line' id='line_1_1' title="bbox 797 459 2783 534; baseline 0.001 -2"><span class='ocrx_word' id='word_1_1' title='bbox 797 478 1080 532; x_wconf 63' lang='lat' dir='ltr'><strong>raom</strong></span> <span class='ocrx_word' id='word_1_2' title='bbox 1130 477 1528 532; x_wconf 56' lang='lat' dir='ltr'><strong>cassiam</strong></span> <span class='ocrx_word' id='word_1_3' title='bbox 1581 478 1897 533; x_wconf 73' lang='lat' dir='ltr'><strong>maon-n</strong></span> <span class='ocrx_word' id='word_1_4' title='bbox 1944 480 2301 534; x_wconf 68' lang='lat' dir='ltr'><strong>usinum.</strong></span> <span class='ocrx_word' id='word_1_5' title='bbox 2638 459 2783 534; x_wconf 71' lang='lat'><strong>287</strong></span> 
     </span>
    </p>
   </div>
   <div class='ocr_carea' id='block_1_2' title="bbox 291 666 2787 853">
    <p class='ocr_par' dir='ltr' id='par_1_2' title="bbox 291 666 2787 853">
     <span class='ocr_line' id='line_1_2' title="bbox 291 666 2787 753; baseline 0.002 -20"><span class='ocrx_word' id='word_1_6' title='bbox 291 666 568 733; x_wconf 88' lang='lat' dir='ltr'><strong>tionem.</strong></span> <span class='ocrx_word' id='word_1_7' title='bbox 647 668 734 733; x_wconf 99' lang='grc'><strong>60</strong></span> <span class='ocrx_word' id='word_1_8' title='bbox 761 667 1244 744; x_wconf 81' lang='lat' dir='ltr'><strong>claritatem‚.m</strong></span> <span class='ocrx_word' id='word_1_9' title='bbox 1267 666 1388 733; x_wconf 77' lang='lat' dir='ltr'><strong>del.</strong></span> <span class='ocrx_word' id='word_1_10' title='bbox 1411 688 1493 731; x_wconf 80' lang='lat' dir='ltr'><strong>m.</strong></span> <span class='ocrx_word' id='word_1_11' title='bbox 1577 667 1797 733; x_wconf 85' lang='lat' dir='ltr'><strong>vultus</strong></span> <span class='ocrx_word' id='word_1_12' title='bbox 1818 666 1933 732; x_wconf 72' lang='lat' dir='ltr'><strong>del.</strong></span> <span class='ocrx_word' id='word_1_13' title='bbox 1970 688 2053 733; x_wconf 87' lang='lat' dir='ltr'><strong>m.</strong></span> <span class='ocrx_word' id='word_1_14' title='bbox 2135 670 2218 733; x_wconf 91' lang='grc'><strong>61</strong></span> <span class='ocrx_word' id='word_1_15' title='bbox 2245 669 2462 753; x_wconf 87' lang='lat' dir='ltr'><strong>prima</strong></span> <span class='ocrx_word' id='word_1_16' title='bbox 2480 673 2695 753; x_wconf 85' lang='lat' dir='ltr'><strong>porta,</strong></span> <span class='ocrx_word' id='word_1_17' title='bbox 2718 690 2787 736; x_wconf 89' lang='lat' dir='ltr'><strong>m</strong></span> 
     </span>
     <span class='ocr_line' id='line_1_3' title="bbox 295 764 2786 853; baseline 0.002 -22"><span class='ocrx_word' id='word_1_18' title='bbox 295 766 392 831; x_wconf 67' lang='lat' dir='ltr'><strong>bis</strong></span> <span class='ocrx_word' id='word_1_19' title='bbox 417 766 548 831; x_wconf 79' lang='lat' dir='ltr'><strong>adi.</strong></span> <span class='ocrx_word' id='word_1_20' title='bbox 575 787 656 830; x_wconf 83' lang='lat' dir='ltr'><strong>m.</strong></span> <span class='ocrx_word' id='word_1_21' title='bbox 743 766 1038 849; x_wconf 76' lang='lat' dir='ltr'><strong>paradisi</strong></span> <span class='ocrx_word' id='word_1_22' title='bbox 1061 764 1241 830; x_wconf 73' lang='lat' dir='ltr'><strong>deest.</strong></span> <span class='ocrx_word' id='word_1_23' title='bbox 1351 766 1436 829; x_wconf 86' lang='lat'><strong>63</strong></span> <span class='ocrx_word' id='word_1_24' title='bbox 1463 764 1740 844; x_wconf 83' lang='lat' dir='ltr'><strong>inferno,</strong></span> <span class='ocrx_word' id='word_1_25' title='bbox 1761 785 1805 832; x_wconf 88' lang='lat' dir='ltr'><strong>a</strong></span> <span class='ocrx_word' id='word_1_26' title='bbox 1831 786 1919 832; x_wconf 86' lang='lat' dir='ltr'><strong>m.</strong></span> <span class='ocrx_word' id='word_1_27' title='bbox 2001 767 2085 831; x_wconf 92' lang='grc'><strong><em>64</em></strong></span> <span class='ocrx_word' id='word_1_28' title='bbox 2115 771 2183 833; x_wconf 92' lang='lat' dir='ltr'><strong>et</strong></span> <span class='ocrx_word' id='word_1_29' title='bbox 2209 768 2445 833; x_wconf 83' lang='lat' dir='ltr'><strong>scirem</strong></span> <span class='ocrx_word' id='word_1_30' title='bbox 2466 804 2496 819; x_wconf 90' lang='lat'>-</span> <span class='ocrx_word' id='word_1_31' title='bbox 2514 768 2786 853; x_wconf 86' lang='lat' dir='ltr'><strong>fratres]</strong></span> 
     </span>
    </p>
   </div>
   <div class='ocr_carea' id='block_1_3' title="bbox 297 864 2917 953">
    <p class='ocr_par' dir='ltr' id='par_1_3' title="bbox 297 864 2917 953">
     <span class='ocr_line' id='line_1_4' title="bbox 297 864 2917 953; baseline 0.001 -23"><span class='ocrx_word' id='word_1_32' title='bbox 297 864 460 948; x_wconf 90' lang='lat' dir='ltr'><strong>quid</strong></span> <span class='ocrx_word' id='word_1_33' title='bbox 487 865 576 932; x_wconf 87' lang='lat' dir='ltr'><strong>ad</strong></span> <span class='ocrx_word' id='word_1_34' title='bbox 604 865 769 931; x_wconf 89' lang='lat' dir='ltr'><strong>alios</strong></span> <span class='ocrx_word' id='word_1_35' title='bbox 797 864 1038 931; x_wconf 81' lang='lat' dir='ltr'><strong>fratres</strong></span> <span class='ocrx_word' id='word_1_36' title='bbox 1057 868 1340 941; x_wconf 83' lang='lat' dir='ltr'><strong>nostros,</strong></span> <span class='ocrx_word' id='word_1_37' title='bbox 1364 884 1492 947; x_wconf 77' lang='lat' dir='ltr'><strong>que</strong></span> <span class='ocrx_word' id='word_1_38' title='bbox 1515 868 1584 929; x_wconf 87' lang='lat' dir='ltr'><strong>et</strong></span> <span class='ocrx_word' id='word_1_39' title='bbox 1601 864 1746 931; x_wconf 87' lang='lat' dir='ltr'><strong>aliis</strong></span> <span class='ocrx_word' id='word_1_40' title='bbox 1765 864 2080 931; x_wconf 68' lang='lat' dir='ltr'><strong>stati-ibus</strong></span> <span class='ocrx_word' id='word_1_41' title='bbox 2100 866 2343 932; x_wconf 87' lang='lat' dir='ltr'><strong>nostris</strong></span> <span class='ocrx_word' id='word_1_42' title='bbox 2364 888 2452 931; x_wconf 83' lang='lat' dir='ltr'><strong>m.</strong></span> <span class='ocrx_word' id='word_1_43' title='bbox 2534 868 2619 931; x_wconf 90' lang='grc'><strong>67</strong></span> <span class='ocrx_word' id='word_1_44' title='bbox 2636 872 2789 951; x_wconf 89' lang='lat' dir='ltr'><strong>post</strong></span> <span class='ocrx_word' id='word_1_45' title='bbox 2914 948 2917 953; x_wconf 32' lang='grc'><strong>,</strong></span> 
     </span>
    </p>
   </div>
   <div class='ocr_carea' id='block_1_4' title="bbox 274 961 2796 4879">
    <p class='ocr_par' dir='ltr' id='par_1_4' title="bbox 296 961 2796 1146">
     <span class='ocr_line' id='line_1_5' title="bbox 297 961 2787 1049; baseline 0.002 -21"><span class='ocrx_word' id='word_1_46' title='bbox 297 964 486 1028; x_wconf 71' lang='lat' dir='ltr'><strong>deest.</strong></span> <span class='ocrx_word' id='word_1_47' title='bbox 566 964 962 1029; x_wconf 88' lang='lat' dir='ltr'><strong>mandatum</strong></span> <span class='ocrx_word' id='word_1_48' title='bbox 991 967 1358 1046; x_wconf 83' lang='lat' dir='ltr'><strong>acceptum,</strong></span> <span class='ocrx_word' id='word_1_49' title='bbox 1384 981 1427 1027; x_wconf 91' lang='lat' dir='ltr'><strong>o</strong></span> <span class='ocrx_word' id='word_1_50' title='bbox 1454 961 1550 1027; x_wconf 68' lang='lat' dir='ltr'><strong>bis</strong></span> <span class='ocrx_word' id='word_1_51' title='bbox 1569 981 1732 1028; x_wconf 76' lang='lat' dir='ltr'><strong>corr.</strong></span> <span class='ocrx_word' id='word_1_52' title='bbox 1761 983 1847 1030; x_wconf 83' lang='lat' dir='ltr'><strong>m.</strong></span> <span class='ocrx_word' id='word_1_53' title='bbox 1930 964 2016 1028; x_wconf 87' lang='grc'><strong>68</strong></span> <span class='ocrx_word' id='word_1_54' title='bbox 2042 982 2153 1029; x_wconf 90' lang='lat' dir='ltr'><strong>me</strong></span> <span class='ocrx_word' id='word_1_55' title='bbox 2176 964 2357 1029; x_wconf 74' lang='lat' dir='ltr'><strong>deest.</strong></span> <span class='ocrx_word' id='word_1_56' title='bbox 2444 966 2532 1029; x_wconf 88' lang='lat'><strong>69</strong></span> <span class='ocrx_word' id='word_1_57' title='bbox 2555 966 2787 1049; x_wconf 73' lang='lat' dir='ltr'><strong>gratia,</strong></span> 
     </span>
     <span class='ocr_line' id='line_1_6' title="bbox 296 1061 2796 1146; baseline 0 -19"><span class='ocrx_word' id='word_1_58' title='bbox 296 1082 332 1127; x_wconf 91' lang='lat' dir='ltr'><strong>s</strong></span> <span class='ocrx_word' id='word_1_59' title='bbox 361 1061 495 1127; x_wconf 78' lang='lat' dir='ltr'><strong>adi.</strong></span> <span class='ocrx_word' id='word_1_60' title='bbox 525 1081 608 1127; x_wconf 83' lang='lat' dir='ltr'><strong>m.</strong></span> <span class='ocrx_word' id='word_1_61' title='bbox 694 1063 822 1127; x_wconf 89' lang='lat' dir='ltr'><strong>deo</strong></span> <span class='ocrx_word' id='word_1_62' title='bbox 849 1061 1137 1127; x_wconf 76' lang='lat' dir='ltr'><strong>caelesti.</strong></span> <span class='ocrx_word' id='word_1_63' title='bbox 1221 1062 1521 1131; x_wconf 84' lang='lat' dir='ltr'><strong>oratione</strong></span> <span class='ocrx_word' id='word_1_64' title='bbox 1549 1065 1810 1144; x_wconf 82' lang='lat' dir='ltr'><strong>expeta,</strong></span> <span class='ocrx_word' id='word_1_65' title='bbox 1840 1081 1903 1128; x_wconf 89' lang='lat' dir='ltr'><strong>o.</strong></span> <span class='ocrx_word' id='word_1_66' title='bbox 1932 1081 2211 1146; x_wconf 84' lang='lat' dir='ltr'><strong>quoque,</strong></span> <span class='ocrx_word' id='word_1_67' title='bbox 2224 1063 2491 1146; x_wconf 85' lang='lat' dir='ltr'><strong>expleta</strong></span> <span class='ocrx_word' id='word_1_68' title='bbox 2518 1086 2603 1129; x_wconf 88' lang='lat' dir='ltr'><strong>m.</strong></span> <span class='ocrx_word' id='word_1_69' title='bbox 2792 1124 2796 1127; x_wconf 83' lang='grc'><strong>.</strong></span> 
     </span>
    </p>

    <p class='ocr_par' dir='ltr' id='par_1_5' title="bbox 281 1159 2786 2810">
     <span class='ocr_line' id='line_1_7' title="bbox 379 1159 2786 1243; baseline 0.001 -18"><span class='ocrx_word' id='word_1_70' title='bbox 379 1159 454 1226; x_wconf 87' lang='grc' dir='ltr'><strong>Ρ.</strong></span> <span class='ocrx_word' id='word_1_71' title='bbox 493 1160 742 1242; x_wconf 83' lang='lat'><strong>573,1‚</strong></span> <span class='ocrx_word' id='word_1_72' title='bbox 790 1161 826 1224; x_wconf 92' lang='grc'><em>1</em></span> <span class='ocrx_word' id='word_1_73' title='bbox 877 1160 1273 1243; x_wconf 84' lang='lat' dir='ltr'><strong>Coepenmt,</strong></span> <span class='ocrx_word' id='word_1_74' title='bbox 1325 1159 1610 1225; x_wconf 76' lang='grc' dir='ltr'><strong>Τωιοο.</strong></span> <span class='ocrx_word' id='word_1_75' title='bbox 1667 1180 1751 1226; x_wconf 84' lang='lat' dir='ltr'><strong>m.</strong></span> <span class='ocrx_word' id='word_1_76' title='bbox 1876 1160 2271 1239; x_wconf 85' lang='lat' dir='ltr'><strong>3Consilio‚-</strong></span> <span class='ocrx_word' id='word_1_77' title='bbox 2317 1171 2473 1228; x_wconf 83' lang='lat' dir='ltr'><strong>vero</strong></span> <span class='ocrx_word' id='word_1_78' title='bbox 2516 1162 2650 1228; x_wconf 79' lang='lat' dir='ltr'><strong>adi.</strong></span> <span class='ocrx_word' id='word_1_79' title='bbox 2701 1185 2786 1229; x_wconf 86' lang='lat' dir='ltr'><strong>m.</strong></span> 
     </span>
     <span class='ocr_line' id='line_1_8' title="bbox 291 1257 2785 1343; baseline 0.001 -20"><span class='ocrx_word' id='word_1_80' title='bbox 291 1258 340 1323; x_wconf 87' lang='grc'><strong><em>4</em></strong></span> <span class='ocrx_word' id='word_1_81' title='bbox 367 1258 798 1335; x_wconf 70' lang='grc' dir='ltr'><strong>ἰτωῑιῃοεΙάο,</strong></span> <span class='ocrx_word' id='word_1_82' title='bbox 817 1278 936 1324; x_wconf 86' lang='lat' dir='ltr'><strong>um</strong></span> <span class='ocrx_word' id='word_1_83' title='bbox 955 1278 1042 1324; x_wconf 86' lang='lat' dir='ltr'><strong>m.</strong></span> <span class='ocrx_word' id='word_1_84' title='bbox 1127 1258 1208 1321; x_wconf 89' lang='lat'><strong>11</strong></span> <span class='ocrx_word' id='word_1_85' title='bbox 1229 1258 1610 1343; x_wconf 86' lang='lat' dir='ltr'><strong>mundabit]</strong></span> <span class='ocrx_word' id='word_1_86' title='bbox 1629 1257 2024 1325; x_wconf 81' lang='lat' dir='ltr'><strong>munditiam</strong></span> <span class='ocrx_word' id='word_1_87' title='bbox 2046 1258 2380 1337; x_wconf 84' lang='lat' dir='ltr'><strong>adhibeat,</strong></span> <span class='ocrx_word' id='word_1_88' title='bbox 2401 1260 2673 1328; x_wconf 83' lang='lat' dir='ltr'><strong>adhibet</strong></span> <span class='ocrx_word' id='word_1_89' title='bbox 2701 1282 2785 1327; x_wconf 86' lang='lat' dir='ltr'><strong>m.</strong></span> 
     </span>
     <span class='ocr_line' id='line_1_9' title="bbox 289 1355 2785 1445; baseline 0.003 -25"><span class='ocrx_word' id='word_1_90' title='bbox 289 1357 384 1421; x_wconf 86' lang='lat'><strong>12</strong></span> <span class='ocrx_word' id='word_1_91' title='bbox 419 1356 748 1435; x_wconf 85' lang='lat' dir='ltr'><strong>decantet,</strong></span> <span class='ocrx_word' id='word_1_92' title='bbox 787 1376 830 1423; x_wconf 89' lang='lat' dir='ltr'><strong>a</strong></span> <span class='ocrx_word' id='word_1_93' title='bbox 871 1376 1036 1421; x_wconf 74' lang='lat' dir='ltr'><strong>corr.</strong></span> <span class='ocrx_word' id='word_1_94' title='bbox 1083 1376 1166 1421; x_wconf 83' lang='lat' dir='ltr'><strong>m.</strong></span> <span class='ocrx_word' id='word_1_95' title='bbox 1251 1355 1379 1432; x_wconf 86' lang='lat' dir='ltr'><strong>Ad,</strong></span> <span class='ocrx_word' id='word_1_96' title='bbox 1422 1356 1515 1421; x_wconf 86' lang='lat' dir='ltr'><strong>At</strong></span> <span class='ocrx_word' id='word_1_97' title='bbox 1554 1377 1640 1420; x_wconf 80' lang='lat' dir='ltr'><strong>m.</strong></span> <span class='ocrx_word' id='word_1_98' title='bbox 1725 1356 2059 1423; x_wconf 68' lang='lat' dir='ltr'><strong>13tude1.</strong></span> <span class='ocrx_word' id='word_1_99' title='bbox 2110 1378 2193 1423; x_wconf 86' lang='lat' dir='ltr'><strong>m.</strong></span> <span class='ocrx_word' id='word_1_100' title='bbox 2282 1359 2361 1421; x_wconf 88' lang='grc'><strong>14</strong></span> <span class='ocrx_word' id='word_1_101' title='bbox 2411 1359 2586 1445; x_wconf 87' lang='lat' dir='ltr'><strong>ipsa]</strong></span> <span class='ocrx_word' id='word_1_102' title='bbox 2636 1360 2785 1427; x_wconf 86' lang='lat' dir='ltr'><strong>ista.</strong></span> 
     </span>
     <span class='ocr_line' id='line_1_10' title="bbox 287 1442 2784 1532; baseline 0.002 -12"><span class='ocrx_word' id='word_1_103' title='bbox 287 1456 378 1520; x_wconf 86' lang='lat'><strong>15</strong></span> <span class='ocrx_word' id='word_1_104' title='bbox 398 1456 693 1522; x_wconf 84' lang='lat' dir='ltr'><strong>verbum.</strong></span> <span class='ocrx_word' id='word_1_105' title='bbox 777 1457 862 1520; x_wconf 84' lang='lat'><strong>16</strong></span> <span class='ocrx_word' id='word_1_106' title='bbox 881 1474 1022 1532; x_wconf 89' lang='lat' dir='ltr'><strong>nec,</strong></span> <span class='ocrx_word' id='word_1_107' title='bbox 1053 1474 1136 1520; x_wconf 89' lang='lat' dir='ltr'><strong>ne</strong></span> <span class='ocrx_word' id='word_1_108' title='bbox 1159 1474 1240 1518; x_wconf 83' lang='lat' dir='ltr'><strong>m.</strong></span> <span class='ocrx_word' id='word_1_109' title='bbox 1330 1454 1420 1519; x_wconf 89' lang='lat' dir='ltr'><strong>de</strong></span> <span class='ocrx_word' id='word_1_110' title='bbox 1445 1454 1805 1521; x_wconf 76' lang='lat' dir='ltr'><strong>mendatio.</strong></span> <span class='ocrx_word' id='word_1_111' title='bbox 1890 1442 1979 1519; x_wconf 88' lang='grc'><strong>17</strong></span> <span class='ocrx_word' id='word_1_112' title='bbox 2001 1455 2097 1521; x_wconf 87' lang='lat' dir='ltr'><strong>eis</strong></span> <span class='ocrx_word' id='word_1_113' title='bbox 2124 1455 2239 1521; x_wconf 75' lang='lat' dir='ltr'><strong>del.</strong></span> <span class='ocrx_word' id='word_1_114' title='bbox 2276 1476 2359 1521; x_wconf 83' lang='lat' dir='ltr'><strong>m.</strong></span> <span class='ocrx_word' id='word_1_115' title='bbox 2445 1457 2581 1522; x_wconf 88' lang='grc'><strong>18</strong></span> <span class='ocrx_word' id='word_1_116' title='bbox 2554 1459 2784 1524; x_wconf 79' lang='lat' dir='ltr'><strong>iussio-</strong></span> 
     </span>
     <span class='ocr_line' id='line_1_11' title="bbox 291 1546 2783 1631; baseline 0 -12"><span class='ocrx_word' id='word_1_117' title='bbox 291 1573 450 1620; x_wconf 88' lang='lat' dir='ltr'><strong>nem</strong></span> <span class='ocrx_word' id='word_1_118' title='bbox 495 1558 809 1631; x_wconf 80' lang='lat' dir='ltr'><strong>vestram,</strong></span> <span class='ocrx_word' id='word_1_119' title='bbox 857 1553 1130 1619; x_wconf 88' lang='lat' dir='ltr'><strong>iussioni</strong></span> <span class='ocrx_word' id='word_1_120' title='bbox 1178 1556 1442 1618; x_wconf 83' lang='lat' dir='ltr'><strong>vestrae</strong></span> <span class='ocrx_word' id='word_1_121' title='bbox 1492 1573 1573 1617; x_wconf 88' lang='lat' dir='ltr'><strong>m.</strong></span> <span class='ocrx_word' id='word_1_122' title='bbox 1680 1546 1895 1631; x_wconf 87' lang='lat' dir='ltr'><strong>Quod,</strong></span> <span class='ocrx_word' id='word_1_123' title='bbox 1948 1554 2076 1620; x_wconf 88' lang='lat' dir='ltr'><strong>hoc</strong></span> <span class='ocrx_word' id='word_1_124' title='bbox 2124 1575 2208 1618; x_wconf 87' lang='lat' dir='ltr'><strong>m.</strong></span> <span class='ocrx_word' id='word_1_125' title='bbox 2315 1556 2396 1620; x_wconf 83' lang='lat'><strong>21</strong></span> <span class='ocrx_word' id='word_1_126' title='bbox 2425 1558 2493 1621; x_wconf 87' lang='lat' dir='ltr'><strong>et</strong></span> <span class='ocrx_word' id='word_1_127' title='bbox 2536 1556 2671 1622; x_wconf 79' lang='lat' dir='ltr'><strong>adi.</strong></span> <span class='ocrx_word' id='word_1_128' title='bbox 2700 1578 2783 1622; x_wconf 87' lang='lat' dir='ltr'><strong>m.</strong></span> 
     </span>
     <span class='ocr_line' id='line_1_12' title="bbox 292 1650 2778 1734; baseline 0.001 -18"><span class='ocrx_word' id='word_1_129' title='bbox 292 1654 384 1717; x_wconf 89' lang='grc'><strong>22</strong></span> <span class='ocrx_word' id='word_1_130' title='bbox 425 1652 760 1729; x_wconf 86' lang='lat' dir='ltr'><strong>aecclesia,</strong></span> <span class='ocrx_word' id='word_1_131' title='bbox 804 1671 875 1717; x_wconf 90' lang='lat' dir='ltr'><strong>m</strong></span> <span class='ocrx_word' id='word_1_132' title='bbox 923 1650 1059 1715; x_wconf 72' lang='lat' dir='ltr'><strong>adi.</strong></span> <span class='ocrx_word' id='word_1_133' title='bbox 1111 1670 1194 1715; x_wconf 84' lang='lat' dir='ltr'><strong>m.</strong></span> <span class='ocrx_word' id='word_1_134' title='bbox 1279 1651 1364 1714; x_wconf 72' lang='lat'><strong>23</strong></span> <span class='ocrx_word' id='word_1_135' title='bbox 1405 1651 1643 1734; x_wconf 89' lang='lat' dir='ltr'><strong>ipsum,</strong></span> <span class='ocrx_word' id='word_1_136' title='bbox 1689 1650 1872 1721; x_wconf 87' lang='lat' dir='ltr'><strong>illum</strong></span> <span class='ocrx_word' id='word_1_137' title='bbox 1920 1672 2002 1716; x_wconf 82' lang='lat' dir='ltr'><strong>m.</strong></span> <span class='ocrx_word' id='word_1_138' title='bbox 2089 1652 2388 1732; x_wconf 84' lang='lat' dir='ltr'><strong>donaret,</strong></span> <span class='ocrx_word' id='word_1_139' title='bbox 2416 1653 2666 1721; x_wconf 87' lang='lat' dir='ltr'><strong>faceret</strong></span> <span class='ocrx_word' id='word_1_140' title='bbox 2692 1676 2778 1720; x_wconf 87' lang='lat' dir='ltr'><strong>m.</strong></span> 
     </span>
     <span class='ocr_line' id='line_1_13' title="bbox 289 1748 2785 1835; baseline 0.002 -20"><span class='ocrx_word' id='word_1_141' title='bbox 289 1752 378 1815; x_wconf 87' lang='grc'><strong><em>24</em></strong></span> <span class='ocrx_word' id='word_1_142' title='bbox 395 1770 518 1835; x_wconf 89' lang='lat' dir='ltr'><strong>per</strong></span> <span class='ocrx_word' id='word_1_143' title='bbox 535 1750 692 1835; x_wconf 88' lang='lat' dir='ltr'><strong>iter]</strong></span> <span class='ocrx_word' id='word_1_144' title='bbox 715 1753 785 1816; x_wconf 89' lang='lat' dir='ltr'><strong>et</strong></span> <span class='ocrx_word' id='word_1_145' title='bbox 803 1750 947 1828; x_wconf 90' lang='lat' dir='ltr'><strong>iter,</strong></span> <span class='ocrx_word' id='word_1_146' title='bbox 971 1751 1136 1817; x_wconf 80' lang='lat' dir='ltr'><strong>erin</strong></span> <span class='ocrx_word' id='word_1_147' title='bbox 1154 1769 1290 1814; x_wconf 78' lang='lat' dir='ltr'><strong>ras.</strong></span> <span class='ocrx_word' id='word_1_148' title='bbox 1311 1768 1434 1814; x_wconf 74' lang='lat' dir='ltr'><strong>scr.</strong></span> <span class='ocrx_word' id='word_1_149' title='bbox 1457 1770 1542 1813; x_wconf 87' lang='lat' dir='ltr'><strong>m.</strong></span> <span class='ocrx_word' id='word_1_150' title='bbox 1627 1748 1713 1813; x_wconf 84' lang='lat'><strong>25</strong></span> <span class='ocrx_word' id='word_1_151' title='bbox 1729 1753 1991 1832; x_wconf 87' lang='lat' dir='ltr'><strong>cupent,</strong></span> <span class='ocrx_word' id='word_1_152' title='bbox 2014 1750 2287 1834; x_wconf 89' lang='lat' dir='ltr'><strong>cupiunt</strong></span> <span class='ocrx_word' id='word_1_153' title='bbox 2307 1772 2390 1817; x_wconf 89' lang='lat' dir='ltr'><strong>m.</strong></span> <span class='ocrx_word' id='word_1_154' title='bbox 2474 1753 2561 1816; x_wconf 94' lang='grc'><strong>26</strong></span> <span class='ocrx_word' id='word_1_155' title='bbox 2579 1753 2785 1820; x_wconf 85' lang='lat' dir='ltr'><strong>frater</strong></span> 
     </span>
     <span class='ocr_line' id='line_1_14' title="bbox 283 1846 2782 1939; baseline 0 -27"><span class='ocrx_word' id='word_1_156' title='bbox 283 1847 468 1912; x_wconf 90' lang='lat' dir='ltr'><strong>ibbo.</strong></span> <span class='ocrx_word' id='word_1_157' title='bbox 549 1848 636 1910; x_wconf 88' lang='grc'><strong>27</strong></span> <span class='ocrx_word' id='word_1_158' title='bbox 661 1846 976 1923; x_wconf 87' lang='lat' dir='ltr'><strong>misteria,</strong></span> <span class='ocrx_word' id='word_1_159' title='bbox 1005 1865 1049 1930; x_wconf 77' lang='lat' dir='ltr'>y</span> <span class='ocrx_word' id='word_1_160' title='bbox 1083 1865 1168 1910; x_wconf 84' lang='lat' dir='ltr'><strong>m.</strong></span> <span class='ocrx_word' id='word_1_161' title='bbox 1249 1847 1334 1910; x_wconf 88' lang='lat'><strong>31</strong></span> <span class='ocrx_word' id='word_1_162' title='bbox 1377 1864 1518 1924; x_wconf 89' lang='lat' dir='ltr'><strong>nec,</strong></span> <span class='ocrx_word' id='word_1_163' title='bbox 1559 1864 1644 1910; x_wconf 90' lang='lat' dir='ltr'><strong>ne</strong></span> <span class='ocrx_word' id='word_1_164' title='bbox 1685 1865 1767 1909; x_wconf 82' lang='lat' dir='ltr'><strong>m.</strong></span> <span class='ocrx_word' id='word_1_165' title='bbox 1856 1846 1942 1909; x_wconf 88' lang='lat'><strong>33</strong></span> <span class='ocrx_word' id='word_1_166' title='bbox 1969 1846 2076 1939; x_wconf 83' lang='lat' dir='ltr'><strong>ad,</strong></span> <span class='ocrx_word' id='word_1_167' title='bbox 2120 1851 2193 1912; x_wconf 88' lang='lat' dir='ltr'><strong>at</strong></span> <span class='ocrx_word' id='word_1_168' title='bbox 2234 1868 2321 1912; x_wconf 88' lang='lat' dir='ltr'><strong>m.</strong></span> <span class='ocrx_word' id='word_1_169' title='bbox 2402 1848 2489 1913; x_wconf 83' lang='lat'><strong>35</strong></span> <span class='ocrx_word' id='word_1_170' title='bbox 2515 1849 2641 1930; x_wconf 75' lang='lat' dir='ltr'><strong>(ita</strong></span> <span class='ocrx_word' id='word_1_171' title='bbox 2666 1849 2782 1933; x_wconf 91' lang='lat'><strong>37)</strong></span> 
     </span>
     <span class='ocr_line' id='line_1_15' title="bbox 287 1943 2783 2029; baseline 0.001 -17"><span class='ocrx_word' id='word_1_172' title='bbox 287 1946 516 2029; x_wconf 75' lang='lat' dir='ltr'><strong>digita,</strong></span> <span class='ocrx_word' id='word_1_173' title='bbox 543 1964 620 2011; x_wconf 87' lang='lat' dir='ltr'><strong>os</strong></span> <span class='ocrx_word' id='word_1_174' title='bbox 650 1965 816 2009; x_wconf 79' lang='lat' dir='ltr'><strong>corr.</strong></span> <span class='ocrx_word' id='word_1_175' title='bbox 847 1964 932 2008; x_wconf 84' lang='lat' dir='ltr'><strong>m.</strong></span> <span class='ocrx_word' id='word_1_176' title='bbox 1017 1944 1104 2009; x_wconf 85' lang='lat'><strong>36</strong></span> <span class='ocrx_word' id='word_1_177' title='bbox 1130 1943 1310 2027; x_wconf 89' lang='lat' dir='ltr'><strong>quid,</strong></span> <span class='ocrx_word' id='word_1_178' title='bbox 1339 1944 1486 2027; x_wconf 91' lang='lat' dir='ltr'><strong>quis</strong></span> <span class='ocrx_word' id='word_1_179' title='bbox 1517 1964 1602 2008; x_wconf 79' lang='lat' dir='ltr'><strong>m.</strong></span> <span class='ocrx_word' id='word_1_180' title='bbox 1684 1943 1772 2007; x_wconf 88' lang='grc'><strong>38</strong></span> <span class='ocrx_word' id='word_1_181' title='bbox 1796 1944 2026 2027; x_wconf 73' lang='lat' dir='ltr'><strong>gemis,</strong></span> <span class='ocrx_word' id='word_1_182' title='bbox 2054 1965 2125 2011; x_wconf 91' lang='lat' dir='ltr'><strong>m</strong></span> <span class='ocrx_word' id='word_1_183' title='bbox 2156 1944 2290 2011; x_wconf 79' lang='lat' dir='ltr'><strong>adi.</strong></span> <span class='ocrx_word' id='word_1_184' title='bbox 2325 1966 2401 2011; x_wconf 82' lang='lat' dir='ltr'><strong>m.</strong></span> <span class='ocrx_word' id='word_1_185' title='bbox 2490 1948 2576 2011; x_wconf 89' lang='lat'><strong>39</strong></span> <span class='ocrx_word' id='word_1_186' title='bbox 2602 1948 2783 2014; x_wconf 85' lang='lat' dir='ltr'><strong>deal-</strong></span> 
     </span>
     <span class='ocr_line' id='line_1_16' title="bbox 283 2040 2780 2129; baseline 0.001 -19"><span class='ocrx_word' id='word_1_187' title='bbox 283 2045 434 2111; x_wconf 88' lang='lat' dir='ltr'><strong>bati</strong></span> <span class='ocrx_word' id='word_1_188' title='bbox 475 2046 685 2110; x_wconf 84' lang='lat' dir='ltr'><strong>erant.</strong></span> <span class='ocrx_word' id='word_1_189' title='bbox 769 2043 856 2108; x_wconf 87' lang='grc'><strong><em>40</em></strong></span> <span class='ocrx_word' id='word_1_190' title='bbox 907 2043 984 2108; x_wconf 91' lang='lat' dir='ltr'><strong>In</strong></span> <span class='ocrx_word' id='word_1_191' title='bbox 1033 2061 1167 2125; x_wconf 90' lang='lat' dir='ltr'><strong>quo</strong></span> <span class='ocrx_word' id='word_1_192' title='bbox 1222 2060 1393 2120; x_wconf 84' lang='lat' dir='ltr'><strong>mea,</strong></span> <span class='ocrx_word' id='word_1_193' title='bbox 1451 2042 1528 2107; x_wconf 91' lang='lat' dir='ltr'><strong>In</strong></span> <span class='ocrx_word' id='word_1_194' title='bbox 1577 2060 1708 2127; x_wconf 89' lang='lat' dir='ltr'><strong>quo</strong></span> <span class='ocrx_word' id='word_1_195' title='bbox 1757 2040 1917 2126; x_wconf 87' lang='lat' dir='ltr'><strong>quid</strong></span> <span class='ocrx_word' id='word_1_196' title='bbox 1970 2062 2126 2109; x_wconf 87' lang='lat' dir='ltr'><strong>mea</strong></span> <span class='ocrx_word' id='word_1_197' title='bbox 2168 2065 2255 2109; x_wconf 84' lang='lat' dir='ltr'><strong>m.</strong></span> <span class='ocrx_word' id='word_1_198' title='bbox 2338 2045 2421 2109; x_wconf 85' lang='grc'><strong>41</strong></span> <span class='ocrx_word' id='word_1_199' title='bbox 2476 2066 2780 2129; x_wconf 83' lang='lat' dir='ltr'><strong>paucam,</strong></span> 
     </span>
     <span class='ocr_line' id='line_1_17' title="bbox 283 2139 2783 2228; baseline 0 -19"><span class='ocrx_word' id='word_1_200' title='bbox 283 2162 364 2209; x_wconf 88' lang='lat' dir='ltr'><strong>m</strong></span> <span class='ocrx_word' id='word_1_201' title='bbox 383 2141 500 2207; x_wconf 74' lang='lat' dir='ltr'><strong>del.</strong></span> <span class='ocrx_word' id='word_1_202' title='bbox 515 2162 599 2206; x_wconf 80' lang='lat' dir='ltr'><strong>m.</strong></span> <span class='ocrx_word' id='word_1_203' title='bbox 683 2140 769 2207; x_wconf 86' lang='grc'><strong><em>43</em></strong></span> <span class='ocrx_word' id='word_1_204' title='bbox 796 2141 1010 2218; x_wconf 82' lang='lat' dir='ltr'><strong>vinde,</strong></span> <span class='ocrx_word' id='word_1_205' title='bbox 1023 2139 1238 2207; x_wconf 79' lang='lat' dir='ltr'><strong>vende</strong></span> <span class='ocrx_word' id='word_1_206' title='bbox 1261 2158 1346 2205; x_wconf 89' lang='lat' dir='ltr'><strong>m.</strong></span> <span class='ocrx_word' id='word_1_207' title='bbox 1429 2140 1514 2205; x_wconf 85' lang='grc'><strong>44</strong></span> <span class='ocrx_word' id='word_1_208' title='bbox 1540 2139 1981 2223; x_wconf 80' lang='lat' dir='ltr'><strong>Praeceptum</strong></span> <span class='ocrx_word' id='word_1_209' title='bbox 2006 2141 2076 2224; x_wconf 94' lang='lat' dir='ltr'><strong>(o</strong></span> <span class='ocrx_word' id='word_1_210' title='bbox 2103 2142 2197 2225; x_wconf 84' lang='lat' dir='ltr'><strong>m)</strong></span> <span class='ocrx_word' id='word_1_211' title='bbox 2223 2142 2569 2224; x_wconf 84' lang='lat' dir='ltr'><strong>impletum</strong></span> <span class='ocrx_word' id='word_1_212' title='bbox 2590 2145 2660 2226; x_wconf 93' lang='lat' dir='ltr'><strong>(o</strong></span> <span class='ocrx_word' id='word_1_213' title='bbox 2688 2147 2783 2228; x_wconf 85' lang='lat' dir='ltr'><strong>m)</strong></span> 
     </span>
     <span class='ocr_line' id='line_1_18' title="bbox 281 2236 2773 2326; baseline 0 -19"><span class='ocrx_word' id='word_1_214' title='bbox 281 2240 710 2307; x_wconf 80' lang='lat' dir='ltr'><strong>devotionem</strong></span> <span class='ocrx_word' id='word_1_215' title='bbox 751 2240 1078 2322; x_wconf 74' lang='lat' dir='ltr'><strong>integram</strong></span> <span class='ocrx_word' id='word_1_216' title='bbox 1103 2236 1227 2322; x_wconf 66' lang='lat' dir='ltr'><strong>(bia</strong></span> <span class='ocrx_word' id='word_1_217' title='bbox 1255 2258 1326 2305; x_wconf 91' lang='lat' dir='ltr'><strong>m</strong></span> <span class='ocrx_word' id='word_1_218' title='bbox 1350 2238 1470 2303; x_wconf 78' lang='lat' dir='ltr'><strong>del.</strong></span> <span class='ocrx_word' id='word_1_219' title='bbox 1495 2241 1588 2322; x_wconf 85' lang='lat' dir='ltr'><strong>m)</strong></span> <span class='ocrx_word' id='word_1_220' title='bbox 1615 2238 1957 2305; x_wconf 83' lang='lat' dir='ltr'><strong>eonsilium</strong></span> <span class='ocrx_word' id='word_1_221' title='bbox 1985 2239 2221 2305; x_wconf 87' lang='lat' dir='ltr'><strong>initum</strong></span> <span class='ocrx_word' id='word_1_222' title='bbox 2248 2240 2373 2322; x_wconf 70' lang='lat' dir='ltr'><strong>(bis</strong></span> <span class='ocrx_word' id='word_1_223' title='bbox 2400 2260 2441 2307; x_wconf 93' lang='lat' dir='ltr'><strong>o</strong></span> <span class='ocrx_word' id='word_1_224' title='bbox 2470 2262 2635 2308; x_wconf 81' lang='lat' dir='ltr'><strong>corr.</strong></span> <span class='ocrx_word' id='word_1_225' title='bbox 2661 2245 2773 2326; x_wconf 88' lang='lat' dir='ltr'><strong>m).</strong></span> 
     </span>
     <span class='ocr_line' id='line_1_19' title="bbox 283 2336 2777 2419; baseline 0.001 -16"><span class='ocrx_word' id='word_1_226' title='bbox 283 2338 378 2403; x_wconf 85' lang='grc'><strong><em>46</em></strong></span> <span class='ocrx_word' id='word_1_227' title='bbox 438 2336 737 2414; x_wconf 79' lang='lat' dir='ltr'><strong>abscidit,</strong></span> <span class='ocrx_word' id='word_1_228' title='bbox 792 2336 1062 2403; x_wconf 87' lang='lat' dir='ltr'><strong>abscisit</strong></span> <span class='ocrx_word' id='word_1_229' title='bbox 1123 2355 1288 2401; x_wconf 84' lang='lat' dir='ltr'><strong>corr.</strong></span> <span class='ocrx_word' id='word_1_230' title='bbox 1291 2384 1313 2418; x_wconf 90' lang='lat'><strong>,</strong></span> <span class='ocrx_word' id='word_1_231' title='bbox 1365 2337 1598 2401; x_wconf 69' lang='lat' dir='ltr'><strong>iter-mn</strong></span> <span class='ocrx_word' id='word_1_232' title='bbox 1660 2336 1943 2403; x_wconf 75' lang='lat' dir='ltr'><strong>abscidit</strong></span> <span class='ocrx_word' id='word_1_233' title='bbox 1995 2355 2081 2402; x_wconf 88' lang='lat' dir='ltr'><strong>m.</strong></span> <span class='ocrx_word' id='word_1_234' title='bbox 2164 2338 2251 2403; x_wconf 84' lang='grc'><strong><em>49</em></strong></span> <span class='ocrx_word' id='word_1_235' title='bbox 2310 2340 2777 2419; x_wconf 83' lang='lat' dir='ltr'><strong>transitoriam,</strong></span> 
     </span>
     <span class='ocr_line' id='line_1_20' title="bbox 283 2433 2780 2521; baseline 0 -19"><span class='ocrx_word' id='word_1_236' title='bbox 283 2456 362 2502; x_wconf 89' lang='lat' dir='ltr'><strong>m</strong></span> <span class='ocrx_word' id='word_1_237' title='bbox 383 2435 597 2501; x_wconf 59' lang='lat' dir='ltr'><strong>deam.</strong></span> <span class='ocrx_word' id='word_1_238' title='bbox 685 2436 1048 2513; x_wconf 71' lang='lat' dir='ltr'><strong>mei-cahat,</strong></span> <span class='ocrx_word' id='word_1_239' title='bbox 1069 2454 1150 2500; x_wconf 89' lang='lat' dir='ltr'><strong>ur</strong></span> <span class='ocrx_word' id='word_1_240' title='bbox 1171 2433 1303 2499; x_wconf 73' lang='lat' dir='ltr'><strong>adi.</strong></span> <span class='ocrx_word' id='word_1_241' title='bbox 1327 2452 1409 2499; x_wconf 88' lang='lat' dir='ltr'><strong>m.</strong></span> <span class='ocrx_word' id='word_1_242' title='bbox 1498 2437 1860 2512; x_wconf 76' lang='lat' dir='ltr'><strong>aeterum,</strong></span> <span class='ocrx_word' id='word_1_243' title='bbox 1884 2454 1953 2499; x_wconf 92' lang='lat' dir='ltr'><strong>m</strong></span> <span class='ocrx_word' id='word_1_244' title='bbox 1974 2434 2096 2502; x_wconf 74' lang='lat' dir='ltr'><strong>del.</strong></span> <span class='ocrx_word' id='word_1_245' title='bbox 2119 2456 2200 2503; x_wconf 89' lang='lat' dir='ltr'><strong>m.</strong></span> <span class='ocrx_word' id='word_1_246' title='bbox 2284 2438 2372 2500; x_wconf 92' lang='grc'><strong>50</strong></span> <span class='ocrx_word' id='word_1_247' title='bbox 2396 2438 2664 2521; x_wconf 74' lang='lat' dir='ltr'><strong>digita,i</strong></span> <span class='ocrx_word' id='word_1_248' title='bbox 2693 2459 2780 2503; x_wconf 86' lang='lat' dir='ltr'><strong>m.</strong></span> 
     </span>
     <span class='ocr_line' id='line_1_21' title="bbox 282 2531 2777 2621; baseline 0.001 -21"><span class='ocrx_word' id='word_1_249' title='bbox 282 2536 381 2600; x_wconf 87' lang='grc'><strong>52</strong></span> <span class='ocrx_word' id='word_1_250' title='bbox 421 2533 596 2601; x_wconf 87' lang='lat' dir='ltr'><strong>facit.</strong></span> <span class='ocrx_word' id='word_1_251' title='bbox 679 2534 764 2597; x_wconf 87' lang='grc'><strong>54</strong></span> <span class='ocrx_word' id='word_1_252' title='bbox 804 2532 1120 2617; x_wconf 84' lang='lat' dir='ltr'><strong>Sequitur</strong></span> <span class='ocrx_word' id='word_1_253' title='bbox 1161 2531 1538 2615; x_wconf 82' lang='lat' dir='ltr'><strong>exemplum</strong></span> <span class='ocrx_word' id='word_1_254' title='bbox 1607 2532 1865 2615; x_wconf 74' lang='lat' dir='ltr'><strong>signum</strong></span> <span class='ocrx_word' id='word_1_255' title='bbox 1921 2535 2156 2601; x_wconf 85' lang='lat' dir='ltr'><strong>caerei.</strong></span> <span class='ocrx_word' id='word_1_256' title='bbox 2239 2536 2325 2601; x_wconf 88' lang='grc'><strong>58</strong></span> <span class='ocrx_word' id='word_1_257' title='bbox 2391 2537 2542 2621; x_wconf 88' lang='lat' dir='ltr'><strong>per]</strong></span> <span class='ocrx_word' id='word_1_258' title='bbox 2604 2542 2777 2619; x_wconf 88' lang='lat' dir='ltr'><strong>post.</strong></span> 
     </span>
     <span class='ocr_line' id='line_1_22' title="bbox 285 2630 2771 2714; baseline 0 -15"><span class='ocrx_word' id='word_1_259' title='bbox 285 2634 421 2710; x_wconf 84' lang='lat' dir='ltr'><strong>ista</strong></span> <span class='ocrx_word' id='word_1_260' title='bbox 460 2634 532 2697; x_wconf 75' lang='lat' dir='ltr'><strong>in</strong></span> <span class='ocrx_word' id='word_1_261' title='bbox 571 2652 708 2696; x_wconf 81' lang='lat' dir='ltr'><strong>ras.</strong></span> <span class='ocrx_word' id='word_1_262' title='bbox 757 2630 838 2695; x_wconf 81' lang='lat' dir='ltr'><strong>ab</strong></span> <span class='ocrx_word' id='word_1_263' title='bbox 893 2632 1029 2696; x_wconf 80' lang='lat' dir='ltr'><strong>alia</strong></span> <span class='ocrx_word' id='word_1_264' title='bbox 1081 2650 1285 2696; x_wconf 74' lang='lat' dir='ltr'><strong>manu</strong></span> <span class='ocrx_word' id='word_1_265' title='bbox 1324 2650 1447 2695; x_wconf 71' lang='lat' dir='ltr'><strong>scr.</strong></span> <span class='ocrx_word' id='word_1_266' title='bbox 1531 2631 1617 2695; x_wconf 89' lang='grc'><strong>60</strong></span> <span class='ocrx_word' id='word_1_267' title='bbox 1655 2630 1817 2714; x_wconf 88' lang='lat' dir='ltr'><strong>ipse,</strong></span> <span class='ocrx_word' id='word_1_268' title='bbox 1860 2630 1883 2696; x_wconf 92' lang='lat' dir='ltr'><strong>i</strong></span> <span class='ocrx_word' id='word_1_269' title='bbox 1918 2652 2004 2699; x_wconf 86' lang='lat' dir='ltr'><strong>m.</strong></span> <span class='ocrx_word' id='word_1_270' title='bbox 2089 2633 2381 2710; x_wconf 83' lang='lat' dir='ltr'><strong>deberet,</strong></span> <span class='ocrx_word' id='word_1_271' title='bbox 2424 2654 2470 2699; x_wconf 89' lang='lat' dir='ltr'><strong>n</strong></span> <span class='ocrx_word' id='word_1_272' title='bbox 2512 2634 2647 2701; x_wconf 76' lang='lat' dir='ltr'><strong>adi.</strong></span> <span class='ocrx_word' id='word_1_273' title='bbox 2691 2656 2771 2700; x_wconf 87' lang='lat' dir='ltr'><strong>m.</strong></span> 
     </span>
     <span class='ocr_line' id='line_1_23' title="bbox 285 2729 2361 2810; baseline -0 -13"><span class='ocrx_word' id='word_1_274' title='bbox 285 2733 376 2798; x_wconf 88' lang='grc'><strong>61</strong></span> <span class='ocrx_word' id='word_1_275' title='bbox 403 2733 689 2810; x_wconf 82' lang='lat' dir='ltr'><strong>visitare,</strong></span> <span class='ocrx_word' id='word_1_276' title='bbox 724 2752 794 2798; x_wconf 90' lang='lat' dir='ltr'><strong>m</strong></span> <span class='ocrx_word' id='word_1_277' title='bbox 824 2731 954 2797; x_wconf 77' lang='lat' dir='ltr'><strong>adi.</strong></span> <span class='ocrx_word' id='word_1_278' title='bbox 991 2750 1071 2794; x_wconf 88' lang='lat' dir='ltr'><strong>m.</strong></span> <span class='ocrx_word' id='word_1_279' title='bbox 1161 2733 1228 2797; x_wconf 86' lang='lat' dir='ltr'><strong>et</strong></span> <span class='ocrx_word' id='word_1_280' title='bbox 1255 2729 1561 2796; x_wconf 80' lang='lat' dir='ltr'><strong>custodes</strong></span> <span class='ocrx_word' id='word_1_281' title='bbox 1589 2729 1825 2795; x_wconf 87' lang='lat' dir='ltr'><strong>inferni</strong></span> <span class='ocrx_word' id='word_1_282' title='bbox 1852 2731 2146 2798; x_wconf 81' lang='lat' dir='ltr'><strong>viderem</strong></span> <span class='ocrx_word' id='word_1_283' title='bbox 2176 2731 2361 2796; x_wconf 74' lang='lat' dir='ltr'><strong>deest.</strong></span> 
     </span>
    </p>

    <p class='ocr_par' dir='ltr' id='par_1_6' title="bbox 274 2827 2776 4683">
     <span class='ocr_line' id='line_1_24' title="bbox 377 2827 2775 2914; baseline 0 -18"><span class='ocrx_word' id='word_1_284' title='bbox 377 2831 455 2896; x_wconf 79' lang='lat' dir='ltr'><strong>P.</strong></span> <span class='ocrx_word' id='word_1_285' title='bbox 481 2831 628 2914; x_wconf 84' lang='lat'><strong>573,</strong></span> <span class='ocrx_word' id='word_1_286' title='bbox 650 2829 746 2912; x_wconf 90' lang='lat'><strong>11,</strong></span> <span class='ocrx_word' id='word_1_287' title='bbox 773 2831 818 2894; x_wconf 87' lang='lat'><strong><em>3</em></strong></span> <span class='ocrx_word' id='word_1_288' title='bbox 843 2829 953 2895; x_wconf 85' lang='lat' dir='ltr'><strong>illi.</strong></span> <span class='ocrx_word' id='word_1_289' title='bbox 1034 2828 1079 2893; x_wconf 83' lang='lat'><em>8</em></span> <span class='ocrx_word' id='word_1_290' title='bbox 1107 2828 1416 2912; x_wconf 82' lang='lat' dir='ltr'><strong>quietern,</strong></span> <span class='ocrx_word' id='word_1_291' title='bbox 1445 2847 1514 2892; x_wconf 90' lang='lat' dir='ltr'><strong>m</strong></span> <span class='ocrx_word' id='word_1_292' title='bbox 1555 2827 1676 2893; x_wconf 70' lang='lat' dir='ltr'><strong>del.</strong></span> <span class='ocrx_word' id='word_1_293' title='bbox 1719 2849 1805 2892; x_wconf 91' lang='lat' dir='ltr'><strong>m.</strong></span> <span class='ocrx_word' id='word_1_294' title='bbox 1888 2831 1966 2894; x_wconf 85' lang='lat' dir='ltr'><strong>ut</strong></span> <span class='ocrx_word' id='word_1_295' title='bbox 1993 2829 2126 2894; x_wconf 79' lang='lat' dir='ltr'><strong>adi.</strong></span> <span class='ocrx_word' id='word_1_296' title='bbox 2166 2851 2247 2894; x_wconf 87' lang='lat' dir='ltr'><strong>m.</strong></span> <span class='ocrx_word' id='word_1_297' title='bbox 2338 2833 2421 2895; x_wconf 92' lang='grc'><strong>10</strong></span> <span class='ocrx_word' id='word_1_298' title='bbox 2448 2832 2553 2909; x_wconf 88' lang='lat' dir='ltr'><strong>ad,</strong></span> <span class='ocrx_word' id='word_1_299' title='bbox 2584 2836 2659 2898; x_wconf 89' lang='lat' dir='ltr'><strong>at</strong></span> <span class='ocrx_word' id='word_1_300' title='bbox 2690 2853 2775 2896; x_wconf 81' lang='lat' dir='ltr'><strong>m.</strong></span> 
     </span>
     <span class='ocr_line' id='line_1_25' title="bbox 285 2925 2776 3009; baseline -0.001 -13"><span class='ocrx_word' id='word_1_301' title='bbox 285 2929 382 2996; x_wconf 87' lang='lat' dir='ltr'><strong>ad</strong></span> <span class='ocrx_word' id='word_1_302' title='bbox 407 2948 560 2995; x_wconf 89' lang='lat' dir='ltr'><strong>eum</strong></span> <span class='ocrx_word' id='word_1_303' title='bbox 587 2928 903 2995; x_wconf 78' lang='lat' dir='ltr'><strong>conversi.</strong></span> <span class='ocrx_word' id='word_1_304' title='bbox 991 2928 1070 2991; x_wconf 89' lang='lat'><strong>11</strong></span> <span class='ocrx_word' id='word_1_305' title='bbox 1101 2931 1206 2992; x_wconf 89' lang='lat' dir='ltr'><strong>est</strong></span> <span class='ocrx_word' id='word_1_306' title='bbox 1245 2925 1567 2991; x_wconf 85' lang='lat' dir='ltr'><strong>abraham</strong></span> <span class='ocrx_word' id='word_1_307' title='bbox 1594 2929 1790 3009; x_wconf 87' lang='lat' dir='ltr'><strong>pater</strong></span> <span class='ocrx_word' id='word_1_308' title='bbox 1831 2927 1902 2990; x_wconf 75' lang='lat' dir='ltr'><strong>in</strong></span> <span class='ocrx_word' id='word_1_309' title='bbox 1938 2947 2075 2992; x_wconf 78' lang='lat' dir='ltr'><strong>ras.</strong></span> <span class='ocrx_word' id='word_1_310' title='bbox 2118 2945 2239 2992; x_wconf 72' lang='lat' dir='ltr'><strong>scr.</strong></span> <span class='ocrx_word' id='word_1_311' title='bbox 2283 2927 2501 2992; x_wconf 76' lang='lat' dir='ltr'><strong>eadem</strong></span> <span class='ocrx_word' id='word_1_312' title='bbox 2544 2949 2776 2994; x_wconf 68' lang='lat' dir='ltr'><strong>omanus</strong></span> 
     </span>
     <span class='ocr_line' id='line_1_26' title="bbox 285 3023 2776 3114; baseline 0 -20"><span class='ocrx_word' id='word_1_313' title='bbox 285 3047 688 3114; x_wconf 70' lang='lat' dir='ltr'><strong>quaesupra.</strong></span> <span class='ocrx_word' id='word_1_314' title='bbox 775 3027 952 3092; x_wconf 81' lang='lat' dir='ltr'><strong>12tu</strong></span> <span class='ocrx_word' id='word_1_315' title='bbox 973 3025 1200 3090; x_wconf 60' lang='lat' dir='ltr'><strong>delm.</strong></span> <span class='ocrx_word' id='word_1_316' title='bbox 1287 3025 1372 3088; x_wconf 89' lang='grc'><strong>13</strong></span> <span class='ocrx_word' id='word_1_317' title='bbox 1388 3027 1462 3089; x_wconf 85' lang='lat' dir='ltr'><strong>ut</strong></span> <span class='ocrx_word' id='word_1_318' title='bbox 1481 3023 1571 3089; x_wconf 88' lang='lat' dir='ltr'><strong>in.</strong></span> <span class='ocrx_word' id='word_1_319' title='bbox 1655 3023 1738 3088; x_wconf 82' lang='grc'><strong>14</strong></span> <span class='ocrx_word' id='word_1_320' title='bbox 1760 3024 2071 3108; x_wconf 88' lang='lat' dir='ltr'><strong>quietem,</strong></span> <span class='ocrx_word' id='word_1_321' title='bbox 2099 3045 2251 3092; x_wconf 88' lang='lat' dir='ltr'><strong>um.</strong></span> <span class='ocrx_word' id='word_1_322' title='bbox 2339 3028 2423 3092; x_wconf 89' lang='grc'><em>18</em></span> <span class='ocrx_word' id='word_1_323' title='bbox 2443 3029 2615 3110; x_wconf 84' lang='lat' dir='ltr'><strong>quia,</strong></span> <span class='ocrx_word' id='word_1_324' title='bbox 2648 3049 2776 3112; x_wconf 88' lang='lat' dir='ltr'><strong>que</strong></span> 
     </span>
     <span class='ocr_line' id='line_1_27' title="bbox 285 3123 2776 3209; baseline -0.002 -15"><span class='ocrx_word' id='word_1_325' title='bbox 285 3147 332 3194; x_wconf 85' lang='lat' dir='ltr'><strong>a</strong></span> <span class='ocrx_word' id='word_1_326' title='bbox 355 3147 437 3192; x_wconf 84' lang='lat' dir='ltr'><strong>m.</strong></span> <span class='ocrx_word' id='word_1_327' title='bbox 522 3128 606 3206; x_wconf 90' lang='lat'><strong>19</strong></span> <span class='ocrx_word' id='word_1_328' title='bbox 623 3123 1147 3202; x_wconf 86' lang='lat' dir='ltr'><strong>innumerabilia,</strong></span> <span class='ocrx_word' id='word_1_329' title='bbox 1169 3123 1236 3188; x_wconf 89' lang='lat' dir='ltr'><strong>ia</strong></span> <span class='ocrx_word' id='word_1_330' title='bbox 1254 3125 1325 3186; x_wconf 80' lang='lat' dir='ltr'><strong>in</strong></span> <span class='ocrx_word' id='word_1_331' title='bbox 1344 3142 1477 3187; x_wconf 67' lang='lat' dir='ltr'><strong>ras.</strong></span> <span class='ocrx_word' id='word_1_332' title='bbox 1504 3143 1588 3187; x_wconf 87' lang='lat' dir='ltr'><strong>m.</strong></span> <span class='ocrx_word' id='word_1_333' title='bbox 1673 3123 1758 3186; x_wconf 92' lang='grc'><strong>20</strong></span> <span class='ocrx_word' id='word_1_334' title='bbox 1786 3123 1899 3206; x_wconf 90' lang='lat' dir='ltr'><strong>qui</strong></span> <span class='ocrx_word' id='word_1_335' title='bbox 1922 3123 2055 3188; x_wconf 82' lang='lat' dir='ltr'><strong>adi.</strong></span> <span class='ocrx_word' id='word_1_336' title='bbox 2081 3145 2163 3189; x_wconf 91' lang='lat' dir='ltr'><strong>m.</strong></span> <span class='ocrx_word' id='word_1_337' title='bbox 2248 3126 2337 3188; x_wconf 84' lang='lat'><strong>22</strong></span> <span class='ocrx_word' id='word_1_338' title='bbox 2361 3125 2601 3201; x_wconf 83' lang='lat' dir='ltr'><strong>avium,</strong></span> <span class='ocrx_word' id='word_1_339' title='bbox 2624 3148 2667 3209; x_wconf 92' lang='lat' dir='ltr'>p</span> <span class='ocrx_word' id='word_1_340' title='bbox 2696 3148 2776 3191; x_wconf 85' lang='lat' dir='ltr'><strong>m.</strong></span> 
     </span>
     <span class='ocr_line' id='line_1_28' title="bbox 283 3220 2777 3308; baseline -0.001 -18"><span class='ocrx_word' id='word_1_341' title='bbox 283 3227 374 3290; x_wconf 85' lang='lat'><strong>25</strong></span> <span class='ocrx_word' id='word_1_342' title='bbox 399 3223 550 3302; x_wconf 87' lang='lat' dir='ltr'><strong>Sed,</strong></span> <span class='ocrx_word' id='word_1_343' title='bbox 574 3229 642 3290; x_wconf 94' lang='lat' dir='ltr'><strong>et</strong></span> <span class='ocrx_word' id='word_1_344' title='bbox 668 3223 799 3289; x_wconf 79' lang='lat' dir='ltr'><strong>adi.</strong></span> <span class='ocrx_word' id='word_1_345' title='bbox 831 3243 917 3288; x_wconf 86' lang='lat' dir='ltr'><strong>m.</strong></span> <span class='ocrx_word' id='word_1_346' title='bbox 1002 3222 1092 3285; x_wconf 91' lang='grc'><strong>27</strong></span> <span class='ocrx_word' id='word_1_347' title='bbox 1113 3239 1312 3304; x_wconf 88' lang='lat' dir='ltr'><strong>super</strong></span> <span class='ocrx_word' id='word_1_348' title='bbox 1340 3220 1575 3299; x_wconf 82' lang='lat' dir='ltr'><strong>vicum,</strong></span> <span class='ocrx_word' id='word_1_349' title='bbox 1621 3221 1889 3304; x_wconf 87' lang='lat' dir='ltr'><strong>superbi</strong></span> <span class='ocrx_word' id='word_1_350' title='bbox 1918 3240 2069 3287; x_wconf 88' lang='lat' dir='ltr'><strong>cum</strong></span> <span class='ocrx_word' id='word_1_351' title='bbox 2100 3243 2181 3287; x_wconf 86' lang='lat' dir='ltr'><strong>m.</strong></span> <span class='ocrx_word' id='word_1_352' title='bbox 2266 3222 2579 3289; x_wconf 83' lang='lat' dir='ltr'><strong>luxoriosi</strong></span> <span class='ocrx_word' id='word_1_353' title='bbox 2605 3225 2777 3308; x_wconf 73' lang='lat' dir='ltr'><strong>(bis).</strong></span> 
     </span>
     <span class='ocr_line' id='line_1_29' title="bbox 281 3317 2775 3407; baseline 0 -19"><span class='ocrx_word' id='word_1_354' title='bbox 281 3325 372 3388; x_wconf 89' lang='grc'><strong>31</strong></span> <span class='ocrx_word' id='word_1_355' title='bbox 401 3318 580 3406; x_wconf 85' lang='lat' dir='ltr'><strong>quod</strong></span> <span class='ocrx_word' id='word_1_356' title='bbox 607 3325 694 3400; x_wconf 81' lang='lat' dir='ltr'><strong>et,</strong></span> <span class='ocrx_word' id='word_1_357' title='bbox 725 3325 794 3388; x_wconf 88' lang='lat' dir='ltr'><strong>et</strong></span> <span class='ocrx_word' id='word_1_358' title='bbox 833 3321 954 3386; x_wconf 79' lang='lat' dir='ltr'><strong>del.</strong></span> <span class='ocrx_word' id='word_1_359' title='bbox 983 3341 1070 3386; x_wconf 85' lang='lat' dir='ltr'><strong>m.</strong></span> <span class='ocrx_word' id='word_1_360' title='bbox 1154 3319 1580 3407; x_wconf 76' lang='lat' dir='ltr'><strong>dialogorum,</strong></span> <span class='ocrx_word' id='word_1_361' title='bbox 1622 3317 1791 3384; x_wconf 88' lang='lat' dir='ltr'><strong>libro</strong></span> <span class='ocrx_word' id='word_1_362' title='bbox 1834 3318 1965 3384; x_wconf 77' lang='lat' dir='ltr'><strong>adi.</strong></span> <span class='ocrx_word' id='word_1_363' title='bbox 2010 3340 2091 3384; x_wconf 87' lang='lat' dir='ltr'><strong>m.</strong></span> <span class='ocrx_word' id='word_1_364' title='bbox 2180 3321 2265 3384; x_wconf 84' lang='grc'><strong><em>34</em></strong></span> <span class='ocrx_word' id='word_1_365' title='bbox 2305 3323 2775 3405; x_wconf 87' lang='lat' dir='ltr'><strong>praepositum,</strong></span> 
     </span>
     <span class='ocr_line' id='line_1_30' title="bbox 279 3418 2774 3507; baseline 0 -21"><span class='ocrx_word' id='word_1_366' title='bbox 279 3441 476 3507; x_wconf 90' lang='lat' dir='ltr'><strong>prop.</strong></span> <span class='ocrx_word' id='word_1_367' title='bbox 525 3441 610 3486; x_wconf 83' lang='lat' dir='ltr'><strong>m.</strong></span> <span class='ocrx_word' id='word_1_368' title='bbox 693 3421 777 3484; x_wconf 89' lang='lat'><strong>35</strong></span> <span class='ocrx_word' id='word_1_369' title='bbox 818 3424 886 3486; x_wconf 92' lang='lat' dir='ltr'><strong>et</strong></span> <span class='ocrx_word' id='word_1_370' title='bbox 939 3419 1028 3485; x_wconf 90' lang='lat' dir='ltr'><strong>in.</strong></span> <span class='ocrx_word' id='word_1_371' title='bbox 1109 3418 1197 3482; x_wconf 88' lang='lat'><strong>38</strong></span> <span class='ocrx_word' id='word_1_372' title='bbox 1245 3421 1508 3501; x_wconf 89' lang='lat' dir='ltr'><strong>tempus</strong></span> <span class='ocrx_word' id='word_1_373' title='bbox 1549 3435 1835 3500; x_wconf 71' lang='lat' dir='ltr'><strong>congrue</strong></span> <span class='ocrx_word' id='word_1_374' title='bbox 1878 3419 2333 3501; x_wconf 74' lang='lat' dir='ltr'><strong>penitentiam,</strong></span> <span class='ocrx_word' id='word_1_375' title='bbox 2364 3419 2468 3485; x_wconf 90' lang='lat' dir='ltr'><strong>hic</strong></span> <span class='ocrx_word' id='word_1_376' title='bbox 2514 3425 2774 3505; x_wconf 87' lang='lat' dir='ltr'><strong>tempus</strong></span> 
     </span>
     <span class='ocr_line' id='line_1_31' title="bbox 279 3513 2775 3604; baseline -0.002 -18"><span class='ocrx_word' id='word_1_377' title='bbox 279 3538 646 3604; x_wconf 75' lang='lat' dir='ltr'><strong>congruum</strong></span> <span class='ocrx_word' id='word_1_378' title='bbox 685 3517 1044 3600; x_wconf 69' lang='lat' dir='ltr'><strong>penitentie</strong></span> <span class='ocrx_word' id='word_1_379' title='bbox 1072 3537 1156 3581; x_wconf 82' lang='lat' dir='ltr'><strong>m.</strong></span> <span class='ocrx_word' id='word_1_380' title='bbox 1240 3516 1328 3580; x_wconf 92' lang='lat'><strong>39</strong></span> <span class='ocrx_word' id='word_1_381' title='bbox 1351 3513 1735 3596; x_wconf 85' lang='lat' dir='ltr'><strong>vultfredus,</strong></span> <span class='ocrx_word' id='word_1_382' title='bbox 1763 3514 2113 3582; x_wconf 81' lang='lat' dir='ltr'><strong>vultfridus</strong></span> <span class='ocrx_word' id='word_1_383' title='bbox 2140 3538 2229 3581; x_wconf 87' lang='lat' dir='ltr'><strong>m.</strong></span> <span class='ocrx_word' id='word_1_384' title='bbox 2320 3519 2447 3581; x_wconf 91' lang='grc'><strong><em>40</em></strong></span> <span class='ocrx_word' id='word_1_385' title='bbox 2428 3538 2498 3582; x_wconf 85' lang='lat' dir='ltr'><strong>m</strong></span> <span class='ocrx_word' id='word_1_386' title='bbox 2526 3517 2659 3582; x_wconf 83' lang='lat' dir='ltr'><strong>adi.</strong></span> <span class='ocrx_word' id='word_1_387' title='bbox 2690 3539 2775 3584; x_wconf 87' lang='lat' dir='ltr'><strong>m.</strong></span> 
     </span>
     <span class='ocr_line' id='line_1_32' title="bbox 277 3612 2773 3701; baseline -0.001 -18"><span class='ocrx_word' id='word_1_388' title='bbox 277 3619 372 3683; x_wconf 88' lang='grc'><strong>41</strong></span> <span class='ocrx_word' id='word_1_389' title='bbox 411 3618 646 3701; x_wconf 81' lang='lat' dir='ltr'><strong>alique,</strong></span> <span class='ocrx_word' id='word_1_390' title='bbox 699 3637 730 3682; x_wconf 94' lang='lat' dir='ltr'><strong>s</strong></span> <span class='ocrx_word' id='word_1_391' title='bbox 773 3614 908 3680; x_wconf 80' lang='lat' dir='ltr'><strong>adi.</strong></span> <span class='ocrx_word' id='word_1_392' title='bbox 964 3635 1047 3679; x_wconf 87' lang='lat' dir='ltr'><strong>m.</strong></span> <span class='ocrx_word' id='word_1_393' title='bbox 1173 3613 1258 3678; x_wconf 85' lang='grc'><strong><em>43</em></strong></span> <span class='ocrx_word' id='word_1_394' title='bbox 1309 3613 1509 3696; x_wconf 90' lang='lat' dir='ltr'><strong>quae]</strong></span> <span class='ocrx_word' id='word_1_395' title='bbox 1560 3613 1693 3696; x_wconf 89' lang='lat' dir='ltr'><strong>qui.</strong></span> <span class='ocrx_word' id='word_1_396' title='bbox 1819 3612 1904 3676; x_wconf 87' lang='grc'><strong>44</strong></span> <span class='ocrx_word' id='word_1_397' title='bbox 1952 3615 2235 3680; x_wconf 86' lang='lat' dir='ltr'><strong>sociatos</strong></span> <span class='ocrx_word' id='word_1_398' title='bbox 2286 3616 2354 3680; x_wconf 90' lang='lat' dir='ltr'><strong>in</strong></span> <span class='ocrx_word' id='word_1_399' title='bbox 2405 3617 2773 3682; x_wconf 87' lang='lat' dir='ltr'><strong>custodiam</strong></span> 
     </span>
     <span class='ocr_line' id='line_1_33' title="bbox 279 3707 2773 3790; baseline -0.001 -9"><span class='ocrx_word' id='word_1_400' title='bbox 279 3715 662 3790; x_wconf 88' lang='lat' dir='ltr'><strong>daemones,</strong></span> <span class='ocrx_word' id='word_1_401' title='bbox 693 3712 976 3778; x_wconf 86' lang='lat' dir='ltr'><strong>sociatas</strong></span> <span class='ocrx_word' id='word_1_402' title='bbox 1005 3711 1073 3775; x_wconf 92' lang='lat' dir='ltr'><strong>in</strong></span> <span class='ocrx_word' id='word_1_403' title='bbox 1101 3709 1398 3776; x_wconf 88' lang='lat' dir='ltr'><strong>custodia</strong></span> <span class='ocrx_word' id='word_1_404' title='bbox 1433 3707 1934 3775; x_wconf 87' lang='lat' dir='ltr'><strong>daemoniorum</strong></span> <span class='ocrx_word' id='word_1_405' title='bbox 1962 3730 2046 3774; x_wconf 86' lang='lat' dir='ltr'><strong>m.</strong></span> <span class='ocrx_word' id='word_1_406' title='bbox 2130 3711 2215 3775; x_wconf 89' lang='grc'><strong><em>45</em></strong></span> <span class='ocrx_word' id='word_1_407' title='bbox 2242 3715 2310 3776; x_wconf 87' lang='lat' dir='ltr'><strong>et</strong></span> <span class='ocrx_word' id='word_1_408' title='bbox 2352 3731 2599 3779; x_wconf 86' lang='lat' dir='ltr'><strong>amare.</strong></span> <span class='ocrx_word' id='word_1_409' title='bbox 2642 3713 2773 3778; x_wconf 89' lang='lat' dir='ltr'><strong>alia</strong></span> 
     </span>
     <span class='ocr_line' id='line_1_34' title="bbox 277 3807 2774 3894; baseline -0.002 -14"><span class='ocrx_word' id='word_1_410' title='bbox 277 3833 506 3890; x_wconf 88' lang='lat' dir='ltr'><strong>causa,</strong></span> <span class='ocrx_word' id='word_1_411' title='bbox 535 3832 596 3878; x_wconf 91' lang='lat' dir='ltr'><strong>a.</strong></span> <span class='ocrx_word' id='word_1_412' title='bbox 624 3810 835 3876; x_wconf 88' lang='lat' dir='ltr'><strong>multa</strong></span> <span class='ocrx_word' id='word_1_413' title='bbox 861 3830 945 3874; x_wconf 88' lang='lat' dir='ltr'><strong>m.</strong></span> <span class='ocrx_word' id='word_1_414' title='bbox 1032 3807 1116 3871; x_wconf 90' lang='grc'><strong><em>46</em></strong></span> <span class='ocrx_word' id='word_1_415' title='bbox 1141 3808 1519 3874; x_wconf 88' lang='lat' dir='ltr'><strong>metuenda.</strong></span> <span class='ocrx_word' id='word_1_416' title='bbox 1605 3807 1873 3884; x_wconf 76' lang='lat' dir='ltr'><strong>OnmeS,</strong></span> <span class='ocrx_word' id='word_1_417' title='bbox 1904 3807 2079 3872; x_wconf 90' lang='lat' dir='ltr'><strong>enim</strong></span> <span class='ocrx_word' id='word_1_418' title='bbox 2110 3808 2242 3873; x_wconf 74' lang='lat' dir='ltr'><strong>adi.</strong></span> <span class='ocrx_word' id='word_1_419' title='bbox 2281 3830 2363 3874; x_wconf 86' lang='lat' dir='ltr'><strong>m.</strong></span> <span class='ocrx_word' id='word_1_420' title='bbox 2449 3809 2533 3873; x_wconf 79' lang='grc'><strong><em>48</em></strong></span> <span class='ocrx_word' id='word_1_421' title='bbox 2573 3810 2774 3894; x_wconf 87' lang='lat' dir='ltr'><strong>aliqui</strong></span> 
     </span>
     <span class='ocr_line' id='line_1_35' title="bbox 277 3904 2773 3996; baseline -0.002 -20"><span class='ocrx_word' id='word_1_422' title='bbox 277 3911 428 3996; x_wconf 88' lang='lat' dir='ltr'><strong>qui]</strong></span> <span class='ocrx_word' id='word_1_423' title='bbox 457 3907 720 3994; x_wconf 85' lang='lat' dir='ltr'><strong>aliquid,</strong></span> <span class='ocrx_word' id='word_1_424' title='bbox 765 3906 1033 3991; x_wconf 87' lang='lat' dir='ltr'><strong>aliquod</strong></span> <span class='ocrx_word' id='word_1_425' title='bbox 1072 3927 1152 3972; x_wconf 87' lang='lat' dir='ltr'><strong>m.</strong></span> <span class='ocrx_word' id='word_1_426' title='bbox 1237 3907 1324 3996; x_wconf 87' lang='grc'><strong>50</strong></span> <span class='ocrx_word' id='word_1_427' title='bbox 1363 3905 1606 3980; x_wconf 83' lang='lat' dir='ltr'><strong>ablata,</strong></span> <span class='ocrx_word' id='word_1_428' title='bbox 1637 3904 1839 3970; x_wconf 80' lang='lat' dir='ltr'><strong>allata</strong></span> <span class='ocrx_word' id='word_1_429' title='bbox 1867 3925 1951 3969; x_wconf 86' lang='lat' dir='ltr'><strong>m.</strong></span> <span class='ocrx_word' id='word_1_430' title='bbox 2035 3905 2361 3984; x_wconf 86' lang='lat' dir='ltr'><strong>habentis,</strong></span> <span class='ocrx_word' id='word_1_431' title='bbox 2406 3907 2660 3973; x_wconf 87' lang='lat' dir='ltr'><strong>habens</strong></span> <span class='ocrx_word' id='word_1_432' title='bbox 2691 3929 2773 3974; x_wconf 88' lang='lat' dir='ltr'><strong>m.</strong></span> 
     </span>
     <span class='ocr_line' id='line_1_36' title="bbox 274 3990 2776 4081; baseline -0.002 -7"><span class='ocrx_word' id='word_1_433' title='bbox 274 4011 367 4076; x_wconf 86' lang='lat'><strong>51</strong></span> <span class='ocrx_word' id='word_1_434' title='bbox 421 4008 692 4073; x_wconf 88' lang='lat' dir='ltr'><strong>naribus</strong></span> <span class='ocrx_word' id='word_1_435' title='bbox 747 4009 814 4070; x_wconf 89' lang='lat' dir='ltr'><strong>et</strong></span> <span class='ocrx_word' id='word_1_436' title='bbox 871 4023 1006 4081; x_wconf 90' lang='lat' dir='ltr'><strong>ore,</strong></span> <span class='ocrx_word' id='word_1_437' title='bbox 1063 3990 1260 4069; x_wconf 83' lang='lat' dir='ltr'><strong>nares</strong></span> <span class='ocrx_word' id='word_1_438' title='bbox 1323 4007 1388 4068; x_wconf 89' lang='lat' dir='ltr'><strong>et</strong></span> <span class='ocrx_word' id='word_1_439' title='bbox 1443 4023 1562 4068; x_wconf 88' lang='lat' dir='ltr'><strong>ora</strong></span> <span class='ocrx_word' id='word_1_440' title='bbox 1611 4023 1699 4067; x_wconf 86' lang='lat' dir='ltr'><strong>m.</strong></span> <span class='ocrx_word' id='word_1_441' title='bbox 1783 4003 1870 4065; x_wconf 85' lang='lat'><strong>52</strong></span> <span class='ocrx_word' id='word_1_442' title='bbox 1922 4001 2212 4081; x_wconf 80' lang='lat' dir='ltr'><strong>levitum,</strong></span> <span class='ocrx_word' id='word_1_443' title='bbox 2271 4005 2619 4071; x_wconf 84' lang='lat' dir='ltr'><strong>levitarum</strong></span> <span class='ocrx_word' id='word_1_444' title='bbox 2689 4027 2776 4072; x_wconf 87' lang='lat' dir='ltr'><strong>m.</strong></span> 
     </span>
     <span class='ocr_line' id='line_1_37' title="bbox 276 4100 2775 4188; baseline -0.001 -16"><span class='ocrx_word' id='word_1_445' title='bbox 276 4109 374 4172; x_wconf 85' lang='lat'><strong>53</strong></span> <span class='ocrx_word' id='word_1_446' title='bbox 409 4123 792 4188; x_wconf 90' lang='lat' dir='ltr'><strong>numquam,</strong></span> <span class='ocrx_word' id='word_1_447' title='bbox 822 4103 1072 4168; x_wconf 89' lang='lat' dir='ltr'><strong>nullum</strong></span> <span class='ocrx_word' id='word_1_448' title='bbox 1100 4123 1184 4166; x_wconf 86' lang='lat' dir='ltr'><strong>m.</strong></span> <span class='ocrx_word' id='word_1_449' title='bbox 1268 4101 1352 4165; x_wconf 84' lang='grc'><strong>54</strong></span> <span class='ocrx_word' id='word_1_450' title='bbox 1381 4101 1756 4176; x_wconf 87' lang='lat' dir='ltr'><strong>offerentur,</strong></span> <span class='ocrx_word' id='word_1_451' title='bbox 1802 4100 2205 4167; x_wconf 81' lang='lat' dir='ltr'><strong>offerebatur</strong></span> <span class='ocrx_word' id='word_1_452' title='bbox 2248 4123 2334 4166; x_wconf 88' lang='lat' dir='ltr'><strong>m.</strong></span> <span class='ocrx_word' id='word_1_453' title='bbox 2419 4106 2503 4166; x_wconf 85' lang='lat'><strong>55</strong></span> <span class='ocrx_word' id='word_1_454' title='bbox 2544 4109 2611 4169; x_wconf 92' lang='lat' dir='ltr'><strong>et</strong></span> <span class='ocrx_word' id='word_1_455' title='bbox 2639 4105 2775 4170; x_wconf 83' lang='lat' dir='ltr'><strong>alta</strong></span> 
     </span>
     <span class='ocr_line' id='line_1_38' title="bbox 275 4197 2775 4283; baseline -0.002 -11"><span class='ocrx_word' id='word_1_456' title='bbox 275 4225 445 4273; x_wconf 79' lang='lat' dir='ltr'><strong>voce</strong></span> <span class='ocrx_word' id='word_1_457' title='bbox 466 4204 773 4270; x_wconf 88' lang='lat' dir='ltr'><strong>dicebant</strong></span> <span class='ocrx_word' id='word_1_458' title='bbox 801 4202 986 4282; x_wconf 77' lang='lat' dir='ltr'><strong>deest,</strong></span> <span class='ocrx_word' id='word_1_459' title='bbox 1016 4201 1306 4266; x_wconf 86' lang='lat' dir='ltr'><strong>dicentes</strong></span> <span class='ocrx_word' id='word_1_460' title='bbox 1335 4219 1541 4283; x_wconf 72' lang='lat' dir='ltr'><strong>mary.</strong></span> <span class='ocrx_word' id='word_1_461' title='bbox 1571 4197 1704 4262; x_wconf 81' lang='lat' dir='ltr'><strong>adi.</strong></span> <span class='ocrx_word' id='word_1_462' title='bbox 1729 4219 1813 4264; x_wconf 91' lang='lat' dir='ltr'><strong>m.</strong></span> <span class='ocrx_word' id='word_1_463' title='bbox 1898 4199 1984 4262; x_wconf 86' lang='grc'><strong>57</strong></span> <span class='ocrx_word' id='word_1_464' title='bbox 2011 4219 2232 4282; x_wconf 89' lang='lat' dir='ltr'><strong>quam,</strong></span> <span class='ocrx_word' id='word_1_465' title='bbox 2265 4200 2443 4283; x_wconf 89' lang='lat' dir='ltr'><strong>quod</strong></span> <span class='ocrx_word' id='word_1_466' title='bbox 2471 4222 2555 4266; x_wconf 87' lang='lat' dir='ltr'><strong>m.</strong></span> <span class='ocrx_word' id='word_1_467' title='bbox 2641 4221 2775 4267; x_wconf 89' lang='lat' dir='ltr'><strong>non</strong></span> 
     </span>
     <span class='ocr_line' id='line_1_39' title="bbox 275 4296 2775 4378; baseline -0.002 -8"><span class='ocrx_word' id='word_1_468' title='bbox 275 4304 574 4378; x_wconf 76' lang='lat' dir='ltr'><strong>fecimuS,</strong></span> <span class='ocrx_word' id='word_1_469' title='bbox 620 4319 754 4366; x_wconf 90' lang='lat' dir='ltr'><strong>non</strong></span> <span class='ocrx_word' id='word_1_470' title='bbox 805 4299 924 4364; x_wconf 84' lang='lat' dir='ltr'><strong>del.</strong></span> <span class='ocrx_word' id='word_1_471' title='bbox 954 4319 1038 4362; x_wconf 90' lang='lat' dir='ltr'><strong>m.</strong></span> <span class='ocrx_word' id='word_1_472' title='bbox 1124 4297 1256 4363; x_wconf 91' lang='lat' dir='ltr'><strong>Sed</strong></span> <span class='ocrx_word' id='word_1_473' title='bbox 1301 4298 1481 4373; x_wconf 88' lang='lat' dir='ltr'><strong>istut,</strong></span> <span class='ocrx_word' id='word_1_474' title='bbox 1526 4296 1660 4362; x_wconf 87' lang='lat' dir='ltr'><strong>Sed</strong></span> <span class='ocrx_word' id='word_1_475' title='bbox 1701 4300 1776 4360; x_wconf 92' lang='lat' dir='ltr'><strong>ut</strong></span> <span class='ocrx_word' id='word_1_476' title='bbox 1799 4296 1971 4361; x_wconf 83' lang='lat' dir='ltr'><strong>istud</strong></span> <span class='ocrx_word' id='word_1_477' title='bbox 2018 4318 2101 4360; x_wconf 84' lang='lat' dir='ltr'><strong>m.</strong></span> <span class='ocrx_word' id='word_1_478' title='bbox 2186 4299 2267 4362; x_wconf 85' lang='lat'><strong>61</strong></span> <span class='ocrx_word' id='word_1_479' title='bbox 2314 4299 2552 4364; x_wconf 88' lang='lat' dir='ltr'><strong>suimus</strong></span> <span class='ocrx_word' id='word_1_480' title='bbox 2591 4299 2775 4364; x_wconf 81' lang='lat' dir='ltr'><strong>deest.</strong></span> 
     </span>
     <span class='ocr_line' id='line_1_40' title="bbox 275 4387 2775 4478; baseline -0.002 -9"><span class='ocrx_word' id='word_1_481' title='bbox 275 4401 762 4476; x_wconf 86' lang='lat' dir='ltr'><strong>ambulaturus,</strong></span> <span class='ocrx_word' id='word_1_482' title='bbox 804 4418 879 4463; x_wconf 90' lang='lat' dir='ltr'><strong>os</strong></span> <span class='ocrx_word' id='word_1_483' title='bbox 909 4417 993 4462; x_wconf 88' lang='lat' dir='ltr'><strong>m.</strong></span> <span class='ocrx_word' id='word_1_484' title='bbox 1076 4397 1164 4460; x_wconf 87' lang='grc'><strong>62</strong></span> <span class='ocrx_word' id='word_1_485' title='bbox 1189 4387 1648 4461; x_wconf 85' lang='lat' dir='ltr'><strong>discendimus.</strong></span> <span class='ocrx_word' id='word_1_486' title='bbox 1693 4413 1976 4460; x_wconf 88' lang='lat' dir='ltr'><strong>amoena</strong></span> <span class='ocrx_word' id='word_1_487' title='bbox 2006 4397 2373 4478; x_wconf 82' lang='lat' dir='ltr'><strong>campania.</strong></span> <span class='ocrx_word' id='word_1_488' title='bbox 2460 4397 2543 4461; x_wconf 84' lang='grc'><strong><em>64</em></strong></span> <span class='ocrx_word' id='word_1_489' title='bbox 2573 4397 2775 4465; x_wconf 86' lang='lat' dir='ltr'><strong>frater</strong></span> 
     </span>
     <span class='ocr_line' id='line_1_41' title="bbox 275 4494 2774 4586; baseline -0.002 -19"><span class='ocrx_word' id='word_1_490' title='bbox 275 4504 444 4586; x_wconf 90' lang='lat' dir='ltr'><strong>ipse.</strong></span> <span class='ocrx_word' id='word_1_491' title='bbox 555 4499 642 4562; x_wconf 88' lang='grc'><strong>67</strong></span> <span class='ocrx_word' id='word_1_492' title='bbox 681 4495 1068 4571; x_wconf 88' lang='lat' dir='ltr'><strong>misterium,</strong></span> <span class='ocrx_word' id='word_1_493' title='bbox 1099 4513 1142 4577; x_wconf 80' lang='lat' dir='ltr'>y</span> <span class='ocrx_word' id='word_1_494' title='bbox 1171 4515 1253 4559; x_wconf 87' lang='lat' dir='ltr'><strong>m.</strong></span> <span class='ocrx_word' id='word_1_495' title='bbox 1369 4494 1589 4576; x_wconf 86' lang='lat' dir='ltr'><strong>quiad,</strong></span> <span class='ocrx_word' id='word_1_496' title='bbox 1632 4494 1787 4576; x_wconf 86' lang='lat' dir='ltr'><strong>quia</strong></span> <span class='ocrx_word' id='word_1_497' title='bbox 1830 4494 1918 4558; x_wconf 87' lang='lat' dir='ltr'><strong>ad</strong></span> <span class='ocrx_word' id='word_1_498' title='bbox 1963 4515 2044 4560; x_wconf 88' lang='lat' dir='ltr'><strong>m.</strong></span> <span class='ocrx_word' id='word_1_499' title='bbox 2164 4496 2244 4556; x_wconf 92' lang='grc'><strong>70</strong></span> <span class='ocrx_word' id='word_1_500' title='bbox 2288 4515 2439 4578; x_wconf 80' lang='lat' dir='ltr'><strong>qun,</strong></span> <span class='ocrx_word' id='word_1_501' title='bbox 2470 4497 2648 4579; x_wconf 88' lang='lat' dir='ltr'><strong>quod</strong></span> <span class='ocrx_word' id='word_1_502' title='bbox 2690 4519 2774 4563; x_wconf 85' lang='lat' dir='ltr'><strong>m.</strong></span> 
     </span>
     <span class='ocr_line' id='line_1_42' title="bbox 277 4593 1397 4683; baseline -0.006 -19"><span class='ocrx_word' id='word_1_503' title='bbox 277 4617 500 4683; x_wconf 84' lang='lat' dir='ltr'><strong>genua</strong></span> <span class='ocrx_word' id='word_1_504' title='bbox 527 4595 858 4661; x_wconf 84' lang='lat' dir='ltr'><strong>inclinata.</strong></span> <span class='ocrx_word' id='word_1_505' title='bbox 944 4593 1129 4670; x_wconf 86' lang='lat' dir='ltr'><strong>haec,</strong></span> <span class='ocrx_word' id='word_1_506' title='bbox 1160 4593 1286 4657; x_wconf 90' lang='lat' dir='ltr'><strong>hoc</strong></span> <span class='ocrx_word' id='word_1_507' title='bbox 1313 4613 1397 4657; x_wconf 85' lang='lat' dir='ltr'><strong>m.</strong></span> 
     </span>
    </p>

    <p class='ocr_par' dir='ltr' id='par_1_7' title="bbox 275 4689 2774 4879">
     <span class='ocr_line' id='line_1_43' title="bbox 365 4689 2774 4775; baseline -0 -14"><span class='ocrx_word' id='word_1_508' title='bbox 365 4697 444 4761; x_wconf 87' lang='lat' dir='ltr'><strong>P.</strong></span> <span class='ocrx_word' id='word_1_509' title='bbox 475 4695 620 4775; x_wconf 76' lang='lat'><strong>574,</strong></span> <span class='ocrx_word' id='word_1_510' title='bbox 649 4691 708 4774; x_wconf 88' lang='lat' dir='ltr'><strong>I,</strong></span> <span class='ocrx_word' id='word_1_511' title='bbox 751 4695 790 4755; x_wconf 90' lang='lat'><em>1</em></span> <span class='ocrx_word' id='word_1_512' title='bbox 831 4691 1040 4757; x_wconf 82' lang='lat' dir='ltr'><strong>verba</strong></span> <span class='ocrx_word' id='word_1_513' title='bbox 1081 4691 1428 4774; x_wconf 84' lang='lat' dir='ltr'><strong>completa,</strong></span> <span class='ocrx_word' id='word_1_514' title='bbox 1472 4689 1824 4772; x_wconf 81' lang='lat' dir='ltr'><strong>complevit</strong></span> <span class='ocrx_word' id='word_1_515' title='bbox 1867 4711 1949 4755; x_wconf 88' lang='lat' dir='ltr'><strong>m.</strong></span> <span class='ocrx_word' id='word_1_516' title='bbox 2064 4691 2109 4753; x_wconf 91' lang='grc'><strong><em>2</em></strong></span> <span class='ocrx_word' id='word_1_517' title='bbox 2150 4709 2347 4774; x_wconf 90' lang='lat' dir='ltr'><strong>quem</strong></span> <span class='ocrx_word' id='word_1_518' title='bbox 2406 4693 2488 4758; x_wconf 88' lang='lat' dir='ltr'><strong>de</strong></span> <span class='ocrx_word' id='word_1_519' title='bbox 2531 4714 2774 4768; x_wconf 81' lang='lat' dir='ltr'><strong>aerem,</strong></span> 
     </span>
     <span class='ocr_line' id='line_1_44' title="bbox 275 4779 2773 4879; baseline -0 -19"><span class='ocrx_word' id='word_1_520' title='bbox 275 4779 460 4879; x_wconf 84' lang='lat' dir='ltr'><strong>quod</strong></span> <span class='ocrx_word' id='word_1_521' title='bbox 507 4793 588 4857; x_wconf 88' lang='lat' dir='ltr'><strong>de</strong></span> <span class='ocrx_word' id='word_1_522' title='bbox 633 4808 784 4856; x_wconf 83' lang='lat' dir='ltr'><strong>aere</strong></span> <span class='ocrx_word' id='word_1_523' title='bbox 815 4811 894 4854; x_wconf 86' lang='lat' dir='ltr'><strong>m.</strong></span> <span class='ocrx_word' id='word_1_524' title='bbox 985 4789 1230 4854; x_wconf 88' lang='lat' dir='ltr'><strong>lumine</strong></span> <span class='ocrx_word' id='word_1_525' title='bbox 1261 4794 1328 4854; x_wconf 92' lang='lat' dir='ltr'><strong>et</strong></span> <span class='ocrx_word' id='word_1_526' title='bbox 1355 4788 1583 4865; x_wconf 84' lang='lat' dir='ltr'><strong>habiit,</strong></span> <span class='ocrx_word' id='word_1_527' title='bbox 1613 4789 1837 4853; x_wconf 88' lang='lat' dir='ltr'><strong>lumen</strong></span> <span class='ocrx_word' id='word_1_528' title='bbox 1867 4792 1936 4853; x_wconf 88' lang='lat' dir='ltr'><strong>et</strong></span> <span class='ocrx_word' id='word_1_529' title='bbox 1963 4787 2127 4854; x_wconf 85' lang='lat' dir='ltr'><strong>abiit</strong></span> <span class='ocrx_word' id='word_1_530' title='bbox 2156 4810 2234 4854; x_wconf 85' lang='lat' dir='ltr'><strong>m.</strong></span> <span class='ocrx_word' id='word_1_531' title='bbox 2326 4791 2371 4854; x_wconf 92' lang='lat'><strong><em>3</em></strong></span> <span class='ocrx_word' id='word_1_532' title='bbox 2395 4796 2462 4856; x_wconf 85' lang='lat' dir='ltr'><strong>et</strong></span> <span class='ocrx_word' id='word_1_533' title='bbox 2490 4811 2773 4872; x_wconf 88' lang='lat' dir='ltr'><strong>omnem,</strong></span> 
     </span>
    </p>
   </div>
  </div>
 </body>
</html>
