3557 5449
847 443 1130 497 monim
1180 444 1577 499 casuum!
1631 445 1945 498 BARoN‘n
1996 444 2348 508 monum.
2682 426 2833 499 279

343 629 616 713 formas,
645 631 872 717 quibus
897 652 1120 696 aevum
1147 634 1634 718 merovinyicum
1669 633 2021 718 Auyustini
2046 653 2205 718 opus
2238 635 2571 718 adspersit,
2597 633 2828 716 fundi-

347 733 453 804 tus
477 730 689 794 tollere
725 731 797 794 in
839 732 1058 795 animo
1093 729 1314 795 habuit
1351 730 1462 796 sed
1501 730 1825 795 interdum
1862 752 1969 796 eac
1994 739 2453 797 remanserunt.
2484 731 2833 796 Librarius

345 835 558 892 autem
583 828 789 893 codice
809 849 965 893 usus
991 835 1080 894 est
1118 831 1192 893 in
1218 850 1338 916 quo
1369 829 1551 894 verba
1580 830 1869 894 nondum
1894 829 2169 896 discreta
2212 838 2427 914 essent,
2469 830 2635 916 quod
2674 831 2831 894 scri-

341 933 576 1011 pturae
617 948 818 1012 ymas
864 929 1188 1014 multaque
1227 928 1458 992 menda
1499 927 1809 992 evidenter
1850 928 2083 994 ἀοσοπέ.
2120 928 2205 993 In
2230 931 2593 994 universum
2623 927 2833 993 ortho-

343 1023 624 1110 9raphia
665 1027 1164 1110 optimae-notae
1204 1034 1312 1108 est,
1352 1027 1646 1111 loquutur
1687 1029 1855 1091 onim
1897 1047 2141 1111 semper
2176 1029 2247 1091 in
2288 1027 2493 1092 codice
2532 1026 2832 1092 vocabula
2946 1018 2953 1026 ’

345 1124 443 1186 ita
471 1125 712 1208 scripta
739 1125 1086 1202 IohanneS,
1107 1125 1373 1202 Israhel,
1393 1124 1742 1202 Mattheus,
1765 1125 2041 1203 caelum,
2064 1130 2425 1209 tamquam,
2446 1143 2829 1208 numquam,

343 1221 720 1306 intellegere
760 1223 877 1306 (1),
922 1243 960 1288 e
1000 1222 1348 1293 caudatam
1386 1214 1481 1287 'vel
1523 1243 1560 1290 e
1593 1243 1722 1308 pro
1764 1243 1846 1289 ae
1886 1245 2043 1288 raro
2087 1225 2401 1309 loquutur.
2450 1223 2555 1286 Ea
2580 1228 2831 1287 tantum

345 1320 581 1384 maida
615 1341 776 1406 quac
815 1323 1114 1406 temporis
1139 1320 1307 1402 sunt,
1336 1322 1590 1405 saepius
1616 1317 1967 1386 cernuntur
1994 1318 2065 1386 ἀι
2094 1321 2301 1400 habit,
2330 1321 2646 1398 delerant,
2676 1321 2833 1386 sub-

344 1415 676 1497 dibantur,
737 1421 1154 1501 praecipuae,
1212 1419 1582 1503 suscipisse,
1641 1439 1764 1503 qur
1820 1422 2065 1504 (quur),
2127 1420 2558 1503 phylosophy.
2620 1419 2833 1499 Quare

345 1515 838 1602 onhoqraphica
865 1521 938 1582 in
964 1518 1294 1583 collatione
1317 1515 1537 1583 'tatus
1567 1521 1877 1600 omittam,
1918 1539 1996 1584 ea
2020 1521 2274 1583 tantum
2298 1519 2631 1602 proferam
2672 1538 2833 1602 quae

345 1607 446 1679 ad'
463 1616 909 1700 indaqandam
935 1624 1139 1682 tatus
1165 1609 1502 1681 historiam
1529 1619 1684 1681 usui
1703 1623 1911 1682 erunt.
1940 1616 2165 1702 Itaque
2189 1619 2394 1700 primi
2418 1616 2569 1682 libri
2594 1617 2828 1680 discre-

335 1715 608 1797 pantias
627 1715 706 1779 ab
727 1715 994 1780 editione
1008 1715 1358 1800 Miymana
1377 1715 1571 1798 (PL,
1586 1713 1926 1797 XXXIV,
1938 1717 2131 1799 1041)
2140 1714 2509 1780 mumma-bo
2530 1723 2715 1800 atque
2736 1717 2828 1778 ita

343 1811 596 1896 quidem
617 1820 692 1876 ut
709 1813 1028 1878 linearum
1046 1815 1303 1878 numeri
1320 1814 1510 1878 etiam
1534 1813 1965 1896 capitulorum
1985 1814 2426 1897 inscriptiones
2446 1812 2832 1896 Miqncanas

342 1903 837 1993 complectantur
864 1918 922 1976 et
947 1911 1160 1976 littera
1186 1930 1255 1975 m
1283 1919 1592 1975 corrector
1616 1931 1896 1993 coaevus,
1923 1911 2135 1976 littera
2168 1913 2266 1976 m¹
2290 1912 2602 1995 posterior
2627 1929 2831 1974 corre-

344 2013 484 2072 ctor
511 2010 932 2093 assiynentur.

429 2106 616 2188 1043,
635 2108 750 2171 lin.
778 2109 824 2170 5
846 2107 1006 2192 Qui]
1035 2107 1238 2175 cuiuS.
1321 2108 1404 2172 10
1431 2107 1568 2173 sive
1597 2108 1669 2191 a]
1699 2127 1740 2173 a
1768 2128 1933 2172 eras.
2016 2108 2101 2171 20
2126 2107 2291 2192 ii]hi.
2374 2107 2460 2170 27
2484 2106 2588 2172 vel
2615 2108 2719 2173 de.
2744 2107 2828 2171 31

342 2223 480 2269 non
498 2204 666 2270 tales
687 2205 797 2271 illi.
879 2205 964 2269 34
985 2206 1448 2287 condempnat,
1469 2225 1514 2288 p
1537 2225 1700 2270 eras.
1783 2205 1870 2269 38
1888 2205 2080 2289 orbe]
2102 2205 2264 2281 orbi,
2288 2211 2648 2270 correctura
2666 2206 2829 2271 orbe

341 2308 562 2385 postea
597 2301 816 2367 deleta.
928 2303 1017 2367 42
1059 2303 1384 2388 Primum]
1432 2303 1634 2386 prius.
1742 2303 1829 2367 43
1874 2304 2107 2368 tertius
2147 2303 2217 2366 in
2267 2303 2461 2368 tertio
2500 2321 2667 2367 corr.
2716 2304 2828 2367 m¹.

343 2393 448 2462 44
470 2401 637 2466 alius
677 2401 802 2466 fuit
849 2402 963 2467 eis.
1185 2401 1512 2483 10441232.
1540 2403 1583 2465 9
1621 2401 1973 2484 suscipisse
2012 2400 2425 2482 intellegitur,
2466 2400 2830 2482 suscepisse

345 2497 724 2581 intelligitur
750 2519 916 2564 corr.
944 2501 1058 2564 m1.
1193 2501 1276 2564 11
1304 2500 1662 2578 hominum,
1689 2499 2027 2566 hominem
2066 2518 2229 2563 corr.
2261 2499 2373 2563 m¹.
2504 2499 2596 2560 ·12
2632 2497 2831 2581 pede-

344 2615 556 2674 secus,
625 2597 987 2681 pedisequs·
1041 2599 1155 2663 m¹.
1280 2599 1632 2675 breviatur,
1690 2618 1730 2663 o
1793 2618 1959 2663 corr.
2014 2599 2127 2661 m1.
2253 2597 2338 2660 20
2391 2597 2581 2679 regis,
2638 2614 2827 2678 reges

343 2695 458 2760 m1.
572 2696 742 2773 em,
769 2697 886 2761 xin
923 2697 994 2760 in
1019 2715 1156 2762 ras.
1187 2716 1307 2761 scr.
1353 2697 1467 2763 m1.
1577 2697 1659 2760 21
1703 2697 1789 2780 (ά
1820 2697 1933 2781 46)
1960 2695 2236 2762 natham
2264 2715 2428 2761 oras.
2456 2697 2525 2759 in
2553 2694 2825 2761 nathan.

340 2794 430 2857 30
445 2794 654 2879 istud]
667 2794 846 2861 illud.
928 2795 1013 2859 31
1027 2796 1389 2880 expiandos
1409 2815 1550 2873 noS,
1567 2815 1690 2861 nos
1711 2816 1875 2861 oras.
2041 2795 2226 2876 1045,
2240 2796 2279 2857 1
2300 2796 2529 2877 utique
2549 2814 2584 2859 r
2606 2813 2827 2877 super-

339 2912 461 2956 scr.
475 2894 588 2957 m¹.
672 2894 714 2956 9
734 2892 925 2959 forte.
1008 2895 1094 2958 10
1111 2894 1283 2977 quia,
1295 2893 1468 2959 enim
1489 2894 1624 2958 adi.
1636 2894 1746 2957 m¹.
1831 2894 1912 2957 31
1935 2894 2163 2978 quem]
2178 2893 2377 2976 quod.
2460 2892 2547 2957 38
2564 2892 2821 2975 seipse,

339 3010 416 3055 se
443 3010 608 3056 eras.
693 2992 779 3055 39
806 2992 919 3075 qui
944 3010 1055 3057 me
1081 2992 1281 3057 videt.
1364 2992 1450 3055 40
1478 2996 1578 3057 est
1605 2991 1790 3056 deest.
1877 2992 1963 3055 46
1990 2993 2101 3075 qui
2130 2992 2308 3056 deest.
2396 2991 2481 3053 54
2510 3010 2659 3073 qua,
2691 3010 2821 3073 quo

338 3110 508 3154 corr.
528 3092 640 3153 m¹.
811 3089 997 3171 1046,
1018 3090 1059 3153 4
1079 3090 1223 3155 Hac
1245 3110 1366 3173 per
1391 3090 1536 3155 hoc.
1618 3091 1662 3153 6
1683 3090 2071 3173 enigmatae,
2096 3090 2206 3155 alt.
2232 3110 2273 3154 a
2300 3109 2465 3155 eras.
2546 3089 2591 3152 8
2616 3088 2819 3167 Haec,

337 3206 374 3252 c
403 3182 568 3252 eras.
624 3274 626 3276 ‚
693 3187 778 3251 13
802 3189 890 3270 (a
915 3188 1000 3252 49
1041 3189 1280 3271 averti)
1308 3192 1590 3265 avertas,
1621 3189 1666 3253 d
1695 3188 1828 3253 adi.
1856 3208 1942 3253 m.
2053 3190 2135 3252 15
2162 3188 2595 3263 informando,
2624 3206 2659 3251 s
2686 3186 2818 3251 adi.

336 3305 424 3350 m.
526 3286 609 3350 16
634 3286 989 3352 actiuuam.
1084 3274 1170 3350 1⁵7
1193 3286 1505 3352 virtutem
1531 3288 1600 3349 in
1627 3306 1831 3371 mary.
1860 3306 1981 3350 scr.
2011 3307 2095 3350 m.
2195 3286 2278 3350 34
2307 3286 2415 3351 illi.
2507 3286 2594 3349 40
2618 3289 2817 3351 natus

337 3383 470 3448 adi.
503 3404 588 3448 m.
707 3384 794 3447 43
819 3388 996 3461 ante,
1025 3388 1251 3449 autem
1279 3406 1364 3449 m.
1474 3385 1577 3447 50.
1605 3404 1961 3467 personam
1988 3385 2365 3451 sacerdotis
2561 3383 2746 3465 1047,
2774 3385 2819 3447 6

335 3481 430 3547 At
456 3500 536 3546 ea:
553 3482 662 3547 Ad
683 3502 845 3547 corr.
869 3502 951 3546 m.
1039 3501 1242 3564 super
1267 3485 1338 3546 in
1359 3500 1561 3566 supra
1579 3503 1747 3549 corr.
1767 3502 1855 3547 m.
1937 3484 1983 3546 8
2010 3483 2223 3547 cordis
2244 3482 2465 3547 oculiS.
2549 3482 2632 3545 16
2650 3480 2827 3559 leve,-

331 3578 482 3661 leve
519 3600 606 3645 m.
748 3580 832 3644 18
858 3580 1288 3657 dissiminata,
1329 3581 1758 3647 disseminata
1791 3602 1876 3645 m.
2008 3581 2095 3645 20
2131 3580 2501 3656 mussitare,
2540 3579 2813 3644 alterum

331 3698 368 3743 s
380 3698 545 3743 eras.
627 3678 712 3741 24
729 3681 1108 3760 potuerunt,
1121 3678 1454 3761 potuerint
1473 3679 1587 3743 m1.
1670 3678 1755 3741 28
1771 3678 2183 3761 repellenda·
2253 3678 2338 3741 34
2359 3678 2592 3761 quam]
2615 3678 2811 3761 quod,

333 3776 382 3840 d
408 3796 574 3840 eraS.
655 3776 742 3839 35
769 3777 966 3841 idem.
1049 3776 1136 3840 36
1161 3776 1388 3858 palma
1413 3786 1505 3853 re,
1527 3796 1689 3841 eras.
1709 3777 1783 3839 in
1808 3776 2033 3859 palma
2059 3794 2159 3851 re;
2180 3761 2244 3839 Ϊὶ
2271 3777 2339 3839 in
2370 3796 2557 3860 mar-9
2581 3796 2703 3840 scr.
2725 3797 2811 3841 m.

330 3874 422 3938 36
465 3874 744 3939 obicere.
825 3875 913 3937 50
961 3874 1341 3952 dedicimuS,
1392 3874 1732 3939 didicimus
1781 3894 1862 3937 m.
2034 3874 2219 3953 1048,
2271 3875 2309 3935 1
2365 3874 2811 3957 phithagoras.

330 3973 378 4035 2
421 3976 579 4038 tunc
626 3972 806 4036 deest.
915 3973 960 4036 8
1005 3972 1227 4054 Ysopi.
1312 3972 1397 4036 18
1445 3972 1528 4037 de
1577 3991 1674 4048 eo,
1723 3971 1811 4037 ab
1863 3991 1942 4037 eo
1989 3975 2103 4035 m1.
2205 3972 2290 4034 30
2338 3972 2808 4050 dissiminante,

331 4071 800 4136 disseminante
849 4091 936 4136 m.
1072 4072 1162 4133 33
1207 4070 1530 4153 flagravit.
1665 4069 1749 4133 34
1792 4071 1889 4153 et]
1941 4071 2002 4134 ei
2043 4090 2226 4151 eras„
2261 4074 2327 4134 et
2368 4090 2677 4153 superse-r.
2724 4092 2808 4136 m.

329 4169 420 4233 36
455 4168 858 4252 dispertitur.
941 4170 1026 4233 39
1063 4168 1376 4249 trepedas
1423 4171 1490 4231 et
1530 4168 1825 4249 tepedaS,
1854 4167 1997 4232 bisi
2040 4188 2203 4232 corr.
2234 4188 2317 4233 m.
2404 4168 2487 4231 43
2529 4168 2808 4251 elegunt,

327 4266 578 4350 eligunt
605 4287 688 4331 m.
813 4267 900 4330 47
917 4267 1084 4331 haec
1111 4266 1244 4331 adi.
1273 4286 1355 4330 m.
1384 4266 1590 4341 habit,
1621 4266 1823 4330 habet
1853 4286 1935 4330 m.
2152 4266 2333 4345 1049,
2368 4268 2411 4329 9
2438 4269 2807 4344 contenere,

321 4365 658 4431 continere
686 4384 770 4428 m.
857 4366 940 4427 16
965 4364 1136 4428 talis.
1223 4364 1312 4427 17
1328 4362 1560 4445 legisse
1590 4382 1682 4439 se,
1705 4382 1777 4428 se
1806 4362 1940 4427 adi.
1968 4382 2055 4426 m.
2142 4365 2225 4427 21
2255 4367 2498 4440 errant,
2518 4366 2809 4446 primum

322 4482 360 4527 r
387 4462 524 4527 adi.
551 4482 636 4525 m.
721 4462 809 4524 32
845 4459 1089 4538 vellint,
1120 4460 1361 4526 vellent
1391 4482 1472 4525 m.
1561 4462 1646 4525 39
1675 4460 1993 4525 celebrius
2025 4464 2092 4526 et
2132 4460 2549 4539 sollemniter,
2580 4464 2648 4526 et
2674 4462 2808 4525 adi.

382 4671 456 4733 (1)
490 4669 579 4723 Sic
611 4684 834 4737 semper
864 4668 980 4723 fere
1003 4668 1295 4735 adnuntio,
1333 4669 1512 4735 adsui,
1539 4670 1865 4735 adsumptio,
1909 4670 2171 4734 inlicitum,
2212 4670 2495 4735 inperitus,
2536 4670 2802 4737 copiaque,

319 4753 632 4819 inmanitas,
651 4756 756 4807 otc.
