3557 5449
735 397 832 470 66
983 417 1400 471 CATALOGUS
1451 418 1760 471 comem!
1814 417 2549 470 HAGIOGRAPHIGORUM
2602 417 3035 472 GRAEconun

1067 609 1178 663 Ine.
1205 609 1469 675 Εὐσέβιος
1493 609 1528 662 ὁ
1555 609 1891 676 Καισαρεὺς,
1918 609 1951 661 ὁ
1988 607 2081 662 καί
2102 607 2435 676 Παμφίλου,
2455 609 2565 675 τὴν
2604 609 3073 678 ἐκκλησιαστικὴν
3096 625 3243 678 συγ-

1001 709 1252 776 γράφων
1278 706 1538 774 ἱστορίαν
1581 739 1642 748 -
1686 705 2027 774 Σίλβεστρος
2052 694 2258 762 τοίνυν
2298 707 2589 774 ἐμπαίδιος
2624 709 2707 762 ὣν
2744 706 2966 775 Κυρίνῳ
2989 715 3075 778 τῷ
3097 727 3240 778 πρε-

1003 807 1266 874 σβυτέρῳ
1291 835 1358 844 -
1384 807 1506 860 Des,
1533 811 1654 860 τῶν
1694 807 1988 873 δαιμόνων
2027 807 2303 873 βοώντων
2342 805 2435 860 καὶ
2474 806 2769 871 λεγόντων
2800 807 3145 876 Σιλβέστρου
3169 811 3245 865 τό

1003 908 1249 974 χάρισμα
1273 907 1450 960 τοῦτο
1475 904 1668 960 εἶναι...
1691 906 1859 972 ἀμήν.

822 1015 892 1073 3.
938 1005 1016 1088 (F
1019 1005 1102 1070 ol.
1123 1005 1443 1087 111-167).
1463 1005 1616 1082 Βίος
1634 1003 1735 1068 καὶ
1756 1003 2043 1068 πολιτεία
2062 1006 2185 1068 τοῦ
2206 1005 2397 1080 ἁγίου
2424 983 2896 1083 ἱερομὰρτυρος
2920 1005 3060 1084 Κλή
3073 1027 3237 1084 μεν-

737 1142 869 1202 τος
899 1121 1260 1186 ἐπισκόπου
1289 1119 1542 1198 Ῥώμης
1564 1121 1857 1198 μαθητοῦ
1886 1122 2009 1185 τοῦ
2040 1119 2229 1195 ἁγίου
2258 1119 2639 1185 ἀποστόλου
2670 1119 3040 1198 Πέτρου.ε-
3057 1121 3233 1190 321).

1071 1237 1196 1291 Des,
1221 1236 1542 1302 ἐπιγράψας
1583 1235 1905 1303 Κλήμεντος
1931 1239 2053 1290 τῶν
2084 1235 2321 1302 Πέτρου
2348 1236 2662 1302 ἐπἰδημιῶν
2698 1238 3089 1305 κηρυγμάτων
3116 1239 3241 1294 ἐπι-

1005 1336 1154 1402 τομή
1190 1339 1264 1398 (n.
1291 1335 1484 1397 1-139).

822 1444 892 1500 4.
940 1434 1103 1518 (Fol.
1139 1435 1456 1518 167-175).
1486 1432 1864 1512 Μαρτύριον
1893 1435 2017 1498 τοῦ
2053 1432 2269 1528 ἁγίου-
2289 1433 2393 1497 καὶ
2434 1433 2711 1500 ἐνδόξου
2756 1431 3238 1515 ἱερομάρτυρος

739 1551 1120 1631 Κλήμεντο
1139 1571 1176 1628 ς
1205 1549 1568 1614 ἐπισκόπου
1601 1547 1884 1627 Ῥώμης.
1915 1580 1997 1600 ==
2027 1548 2205 1615 B2h.

1069 1658 1181 1712 Ine.
1201 1657 1344 1711 Ἀλλ’
1365 1659 1511 1724 αὕτη
1537 1657 1640 1724 μὲν
1661 1657 1698 1724 ή
1720 1656 1944 1724 πλήρης
1967 1655 2245 1724 οὐρανίου
2271 1655 2365 1712 καί
2396 1661 2781 1725 πνευματικῆς
2802 1657 3014 1724 σοφίας
3038 1657 3239 1724 διήγη-

1003 1772 1090 1820 σις
1116 1761 1189 1818 (n.
1216 1755 1476 1816 140-185).

817 1864 890 1922 5.
935 1855 1098 1938 (Ροὶ.
1155 1855 1504 1938 175-182v).
1553 1853 1692 1918 Τοῦ
1743 1853 1934 1930 ἁγίου
1985 1853 2467 1935 ἱερομάρτυρος
2522 1853 2807 1934 Ἐφραίμ
2864 1854 3240 1920 ἐπισκόπου

733 1970 1085 2051 Χερσῶνος
1128 1971 1270 2048 περὶ
1310 1973 1432 2034 τοῦ
1478 1969 1787 2048 μεγίστου
1820 1969 2153 2049 θαύματος
2180 1973 2307 2036 τοῦ
2336 1971 2432 2049 εἰς
2462 1971 2580 2034 τὸν
2622 1971 2821 2034 παῖδα
2866 1972 3231 2049 γεναμένου

735 2087 912 2166 παρὰ
938 2091 1058 2150 τοῦ
1087 2087 1276 2163 ἁγίου
1309 2084 1781 2164 ἱερομάρτυρος
1811 2085 1913 2149 καὶ
1940 2085 2325 2150 ἀποστόλου
2358 2087 2812 2165 Κλήμεντος.
2842 2117 2927 2140 =
2954 2085 3083 2152 134.

1595 2375 1860 2440 conssx
1902 2373 1985 2439 89
2026 2373 2181 2457 (noa
2226 2373 2372 2454 ω’).

803 2538 1208 2602 Uelabrum&
1247 2538 1507 2594 foliorum
1531 2539 1634 2592 210
1665 2542 1907 2606 (praeter
1928 2538 2040 2593 duo
2061 2537 2333 2601 insiticia),
2352 2538 2548 2601 0⁰,260
2574 2543 2627 2596 ><
2650 2537 2860 2601 0-,205.
2896 2536 3041 2592 binis
3072 2537 3228 2592 eolu-

741 2639 886 2694 mnis
909 2655 996 2692 an.
1022 2639 1148 2692 1127
1173 2643 1448 2694 exaratus.

807 2738 923 2793 1¹01.
947 2739 1064 2792 210*
1087 2757 1101 2792 :
1127 2740 1398 2802 ἐτελιὼθη
1423 2738 1568 2804 αὕτη
1591 2738 1628 2804 ἡ
1653 2737 1855 2803 βίβλως
1880 2737 1975 2790 διὰ
1996 2737 2183 2804 χειρὸς
2220 2736 2504 2790 Φιλίππου
2530 2735 2727 2803 ἱερέως
2760 2737 2823 2790 κέ
2844 2735 3037 2802 ἐδὼθη
3068 2735 3241 2791 Βασι-

741 2838 872 2893 λείω
909 2838 1046 2905 ίερεῖ
1067 2838 1144 2901 είς
1167 2838 1375 2903 πράσιν
1417 2838 1509 2890 διὰ
1545 2840 1867 2903 ταρ<ιῶν>
1887 2836 1970 2901 λβ’
1992 2834 2056 2889 ἐν
2088 2838 2215 2901 ,ςχλ
2226 2836 2269 2889 ε’
2304 2836 2418 2889 ἔτει
2443 2834 2793 2899 ίνδικτιῶνος
2816 2835 2879 2890 ιε’
2904 2834 3227 2901 ὁκτωβρίου

737 2939 922 3007 ἡμέρα
953 2938 1244 3003 σαββάτου
1271 2937 1303 2989 ι’
1325 2935 1532 3002 ἡμέρα.

807 3037 1160 3092 Fol.87=·-133
1181 3035 1438 3103 leguntur
1461 3049 1748 3088 sermones
1771 3033 1866 3087 SS.
1892 3032 2119 3087 Patrum
2144 3032 2214 3087 de
2238 3036 2505 3101 tempore.

834 3195 901 3251 1.
949 3184 1113 3270 (Fol.
1143 3184 1309 3267 a-l).
1339 3183 1568 3247 Passio
1589 3182 1656 3247 S.
1683 3181 2108 3247 Eustathii.

1075 3292 1222 3347 Finis
1241 3296 1480 3346 tantum.

828 3402 898 3459 2.
945 3392 1108 3475 (Fol.
1143 3392 1324 3475 1-4v).
1369 3388 1747 3467 Μαρτύριον
1795 3391 1915 3453 τοῦ
1960 3388 2148 3465 ἁγίου
2196 3388 2299 3450 καὶ
2342 3387 2615 3453 ἐνδόξου
2660 3386 3236 3466 μεγαλομάρτυρος

744 3508 1190 3588 Δημητρίου
1223 3505 1769 3585 μαρτυρήσαντος
1800 3503 1869 3568 ἐν
1902 3504 2383 3587 Θεσσαλονίκῃ.
2416 3534 2499 3555 =
2526 3502 2651 3567 Β1.

1079 3624 1204 3677 Des,
1230 3621 1400 3676 mutil.
1427 3641 1440 3676 ε
1466 3622 1769 3687 ὁμολογῶν
1793 3624 1878 3687 τῷ
1904 3620 2033 3687 Θεῷ
2054 3619 2248 3685 καὶτῷ
2272 3619 2606 3684 πανενδόξῳ
2630 3618 2877 3685 μάρτυρι
2898 3616 3238 3686 Δημητρίψῑ

829 3734 899 3791 3.
945 3723 1108 3804 (Fol.
1139 3722 1338 3803 5-10).
1369 3718 1750 3783 Miraeulum
1782 3717 1849 3783 S.
1878 3717 2277 3782 Michaelis
2308 3718 2375 3781 in
2406 3716 2669 3781 Chonis.
2698 3746 2782 3769 =
2811 3716 2863 3781 B
2882 3716 2939 3781 1.

1079 3835 1190 3889 Ine.
1215 3833 1496 3900 acephal.:
1521 3832 1613 3886 καὶ
1633 3832 1911 3895 πίστεως·
1934 3832 2026 3885 καί
2048 3833 2395 3897 ποιήσαντες
2418 3831 2797 3899 προσευχὴν...

828 3944 900 4000 4.
947 3932 1112 4015 (Fol.
1148 3933 1381 4015 10-15).
1415 3929 1792 4007 Μαρτύριον
1831 3931 1953 3992 τοῦ
1986 3929 2173 4006 ἁγίου
2208 3930 2308 3992 καὶ
2338 3929 2613 3994 ἐνδόξου
2658 3928 3236 4007 μεγαλομάρτυρος

748 4054 966 4129 anu
983 4100 996 4113 ’
1083 4132 1192 4185 Ine.
1215 4131 1419 4194 Ἔτους
1444 4128 1721 4195 δευτέρου
1762 4130 1867 4191 τῆς
1894 4126 2178 4193 βασιλείας
2216 4128 2385 4181 Γαΐου
2412 4126 2763 4192 Οὐαλλερίου
2788 4125 2880 4180 καὶ
2902 4127 3245 4193 Διοκλητια-

1015 4234 1120 4285 νοῦ
1145 4230 1236 4285 καί
1257 4230 1424 4293 ἔτους
1464 4228 1703 4294 πρώτου
1739 4226 2098 4290 Μαξιμιανοῦ
2118 4253 2184 4265 -
2227 4226 2350 4279 Des.
2396 4225 2488 4279 καὶ
2523 4228 2854 4292 εῦρεθῶμεν
2891 4227 3247 4293 κληρονόμοι

1015 4332 1120 4384 τοῦ
1161 4326 1404 4395 Χριστοῦ
1529 4327 1589 4381 ἐν
1613 4326 1907 4381 Κοτυαῒων
1944 4331 2015 4391 τῇ
2058 4326 2407 4391 μητροπόλει
2450 4324 2707 4391 Φρυγίας
2748 4325 3135 4391 σαλουταρίας
3174 4324 3245 4392 ἧς

1015 4428 1381 4495 ἡγεμὼνευεν
1405 4427 1552 4480 κατὰ
1576 4426 1682 4479 τόν
1705 4425 1908 4491 καιρὸν
1930 4423 2149 4478 ἐκεῖνον
2170 4424 2407 4491 Πύρρος
2430 4424 2463 4476 ὁ
2488 4424 2771 4489 ἡγεμών...
2792 4424 2961 4490 ἁμήν.

832 4540 901 4597 5.
949 4528 1112 4612 (Fol.
1149 4526 1414 4607 Κᾶν-19).
1443 4526 1579 4589 Τοῦ
1611 4524 1679 4588 ἐν
1709 4523 1920 4599 ἁγίοις
1946 4522 2197 4601 πατρὸς
2233 4522 2419 4601 ἡμῶν
2462 4522 2791 4602 Γερμανοῦ
2836 4522 3244 4603 πατριάρχου

713 4684 724 4699 =
750 4640 1503 4717 Κωνσταντινουπόλεως
1523 4640 1727 4717 λόγος
1747 4643 1866 4716 τῆς
1890 4638 2246 4717 ῦπεραγίας
2268 4636 2663 4702 θεοτόκου
2694 4637 2805 4702 ὅτε
2825 4638 3242 4719 προσενέχθη

751 4762 822 4829 ἐν
849 4766 942 4844 τῷ
973 4766 1113 4842 ναῷ
1145 4759 1570 4838 τριετίζουσα.
1601 4786 1684 4809 =
1713 4754 1883 4820 1321.
