3557 5449
929 509 1352 562 smcroaun
1401 509 1815 564 ssxssmn.
1851 511 2265 568 narrauit.
2691 498 2837 571 305

351 698 458 764 nis
485 697 722 776 aureis,
769 701 836 764 et
862 698 1165 782 pretiosis
1191 699 1468 780 gemmis
1495 700 1744 779 ornati;
1775 719 2057 785 quorum
2084 721 2275 780 unus,
2307 704 2417 788 qui
2460 705 2603 771 aliis
2645 725 2833 789 prae-

355 800 519 874 erat,
541 796 932 862 suavissima
954 815 1114 862 voce
1138 795 1510 863 clamabat:
1546 803 1573 833 ⁸
1605 797 1995 865 Beatissime
2020 799 2338 880 Floriane,
2360 807 2434 868 tu
2456 795 2591 869 dux
2612 809 2834 870 noster

353 913 500 962 esse
527 895 798 962 mereris
826 899 896 961 et
921 894 1052 961 tuis
1079 895 1333 962 meritis
1359 894 1463 962 his
1493 897 1748 964 coronis
1777 917 1821 964 a
1848 897 2114 967 domino
2144 905 2369 966 nostro
2399 902 2545 968 Iesu
2575 901 2835 970 Christo

259 1057 270 1068 ,
349 1013 582 1060 sumus
630 993 944 1060 coronati.
985 1043 1010 1072 ,
1045 993 1192 1072 Quo
1231 993 1370 1059 viso
1414 999 1482 1060 et
1523 995 1769 1074 audito,
1796 996 2021 1062 statim
2070 997 2386 1065 intellexit
2426 1001 2527 1065 vir
2566 1006 2833 1068 sanctus
2932 990 2939 1002 ’

275 1110 316 1163 5
351 1093 514 1178 quid
565 1112 689 1177 per
737 1111 888 1158 eum
937 1091 1114 1158 Deus
1169 1093 1442 1176 implere
1498 1093 1786 1178 volebat.
1834 1093 1918 1159 Et
1966 1099 2125 1171 tunc
2166 1097 2392 1172 statim
2436 1098 2557 1164 Dei
2598 1119 2831 1168 amore

291 1221 302 1280 f
349 1211 666 1258 accensus
687 1190 996 1275 quicquid
1023 1194 1248 1274 posset
1269 1211 1392 1275 pro
1423 1191 1662 1258 Christi
1689 1193 1941 1258 honore
1964 1192 2179 1260 facere
2206 1197 2457 1262 statuit.

435 1297 506 1358 8.
551 1289 870 1374 Sequenti
895 1308 1053 1356 vero
1081 1288 1188 1356 die
1215 1289 1404 1356 iussit
1431 1290 1995 1357 AmbrusChristi
2036 1293 2275 1360 milites
2316 1294 2405 1360 ad
2436 1315 2520 1365 ,se
2560 1295 2829 1376 adduci;

351 1389 590 1473 quibus
617 1393 686 1454 et
717 1389 1000 1454 honores
1035 1393 1102 1454 et
1147 1387 1408 1454 divitias
1437 1388 1738 1471 copiosas
1782 1390 2105 1472 promisit,
2134 1391 2187 1457 si
2227 1391 2562 1459 Christum
2590 1414 2831 1478 negare

348 1483 592 1554 vellent
613 1491 678 1552 et
701 1486 840 1552 eius
870 1506 1130 1552 crucem
1152 1485 1434 1569 amplius
1457 1505 1592 1551 non
1614 1486 1913 1580 adorare.
1936 1488 2065 1566 Illis
2106 1493 2329 1556 autem
2351 1491 2831 1576 abnegantibus

247 1601 314 1654 10
347 1605 474 1654 nec
521 1585 660 1652 eius
688 1584 948 1651 divitias
975 1587 1096 1651 aut
1119 1584 1404 1650 honores
1429 1603 1566 1650 non
1593 1584 2111 1663 attendentibus,
2141 1587 2477 1656 Christum
2513 1591 2727 1675 magis
2753 1611 2832 1658 ac

347 1685 560 1768 magis
587 1683 1086 1761 benedicebant,
1115 1687 1184 1750 et
1225 1701 1378 1748 eum
1405 1701 1639 1748 verum
1681 1682 1893 1766 Deum
1936 1703 2081 1751 esse
2120 1685 2619 1755 confitebantur.
2646 1690 2832 1758 Tunc

349 1783 642 1850 Ambrus
669 1782 858 1848 iussit
882 1781 952 1846 in
979 1781 1297 1866 asperiori
1326 1799 1587 1848 carcere
1629 1801 1742 1848 eos
1764 1783 2027 1848 detrudi
2047 1784 2397 1852 inferratos
2425 1806 2545 1870 per
2566 1789 2831 1872 triginta

350 1879 511 1959 dies,
539 1885 616 1947 ut
640 1880 894 1946 videret
923 1879 978 1944 si
1006 1879 1094 1944 ab
1123 1897 1353 1945 eorum
1383 1880 1722 1963 proposito
1752 1880 2171 1960 desisterent;
2196 1884 2433 1967 quibus
2462 1887 2832 1965 transactiS,

351 1999 504 2046 cum
527 1980 599 2046 in
622 1979 757 2044 fide
783 1977 1024 2045 Christi
1050 1978 1408 2044 firmissimi
1435 1982 1676 2056 essent,
1717 1978 1905 2044 iussit
1935 1999 2047 2046 eos
2076 1982 2145 2046 in
2172 1981 2577 2066 Eutropolim
2604 1986 2832 2052 civita-

249 2093 314 2145 15
349 2082 488 2149 tem
517 2077 686 2155 duci,
715 2081 783 2144 et
819 2077 890 2142 in
919 2077 1374 2160 turpissimum
1401 2095 1732 2143 carcerem
1761 2075 1934 2142 mitti
1961 2097 2082 2161 per
2110 2081 2276 2144 duos
2305 2099 2587 2148 menses·
2606 2083 2681 2149 In
2706 2084 2832 2150 hoc

350 2180 575 2242 autem
599 2189 886 2240 ‘carcere
928 2192 1092 2238 cum·
1125 2173 1442 2240 tenebrae
1491 2177 1560 2239 et
1584 2174 1969 2257 putredines
2018 2179 2219 2259 atque
2259 2179 2645 2261 turpissima
2690 2183 2833 2247 ani-

351 2273 552 2340 malia
572 2277 794 2340 essent
821 2276 888 2338 et
913 2272 1270 2349 horribilia,
1301 2291 1471 2356 quae
1499 2273 1770 2338 sufferre
1798 2292 1933 2339 non
1960 2275 2255 2342 valentes
2282 2278 2611 2359 putabant
2640 2299 2713 2346 se
2740 2281 2831 2346 ibi

351 2372 538 2439 brevi
557 2377 858 2455 tempore
887 2372 1082 2452 mori;
1105 2371 1236 2436 imo
1259 2375 1614 2437 oraverunt
1638 2371 1849 2437 Deum
1870 2376 1963 2449 ut,
1986 2374 2373 2458 priusquam
2394 2383 2829 2456 morerentur,

351 2473 624 2538 beatum
671 2470 1048 2535 Florianum
1114 2469 1340 2535 videre
1415 2474 1847 2536 mererentur.
1914 2470 2167 2549 Quibus
2236 2473 2461 2538 statim
2523 2478 2832 2559 apparuit

239 2591 314 2644 ευ
351 2571 590 2637 beatus
645 2569 984 2634 Florianus
1011 2572 1332 2652 tanquam
1374 2568 1864 2635 strenuissimus
1907 2567 2095 2634 miles
2138 2573 2207 2636 et
2248 2571 2829 2655 splendidissimus

350 2666 574 2734 dicens
603 2666 735 2733 eis:
769 2671 796 2700 ⁸
823 2664 1039 2731 Nolite
1058 2665 1322 2744 timere;
1351 2684 1470 2749 ego
1498 2685 1648 2732 sum
1676 2665 2033 2743 Florianus
2061 2685 2258 2751 quem
2286 2671 2475 2735 tanto
2506 2669 2829 2739 desiderio

347 2766 572 2832 videre
613 2765 920 2849 optastis;
962 2763 1268 2830 dominus
1307 2770 1532 2830 noster
1573 2765 1752 2831 Iesus
1780 2763 2079 2831 Christus
2108 2785 2215 2831 me
2244 2768 2328 2832 ad
2376 2786 2493 2833 vos
2526 2770 2720 2846 misit,
2750 2775 2825 2837 ut

345 2864 536 2931 vobis
561 2864 908 2930 ostendam
937 2862 1166 2947 quales
1195 2863 1373 2929 eritis
1401 2866 1550 2945 post
1577 2863 1776 2928 istam
1802 2882 2114 2946 pugnam,
2149 2864 2205 2929 si
2240 2866 2577 2948 patienter
2604 2870 2827 2933 omnia

347 2965 416 3027 et
441 2950 722 3028 libenter
759 2980 883 3044 pro
921 2979 999 3026 eo
1050 2963 1380 3026 tormenta
1416 2960 1838 3038 sustinebitis,
1868 2965 1935 3027 et
1965 2961 2202 3045 quibus
2237 2964 2495 3029 coronis
2536 2966 2606 3029 in
2646 2966 2825 3031 caelo

232 3082 308 3135 25
345 3060 836 3136 coronabimini,
865 3059 978 3124 ubi
1005 3077 1154 3123 cum
1183 3078 1338 3141 rege
1371 3062 1598 3124 nostro
1627 3058 1774 3124 Iesu
1804 3058 2062 3126 Christo
2093 3080 2357 3144 semper
2384 3064 2763 3145 regnabitis
2796 3116 2820 3143 ,,

344 3158 428 3225 Et
441 3158 716 3240 tuncibi
737 3158 1080 3240 sexaginta
1099 3156 1368 3222 iuvenes
1389 3156 1634 3221 similes
1657 3155 1801 3233 illis,
1825 3176 1992 3239 quos
2014 3158 2195 3240 prius
2231 3160 2465 3225 beatus
2488 3161 2827 3229 Florianus

344 3256 528 3335 vidit,
579 3256 673 3323 eis
724 3256 949 3322 statim
997 3258 1468 3337 apparuerunt,
1512 3253 1626 3338 qui
1674 3255 1743 3320 in
1792 3254 2051 3321 Christo
2095 3258 2443 3324 confortati
2474 3259 2779 3327 dixerunt
2808 3284 2823 3325 ε

351 3363 378 3393 ·
414 3356 640 3422 Parati
667 3374 894 3421 sumus
915 3353 1137 3419 omnia
1168 3354 1309 3437 pati
1341 3356 1407 3418 et
1433 3353 1604 3418 mori
1632 3353 1835 3419 etiam
1862 3374 1983 3437 pro
2013 3354 2293 3423 Christo,
2326 3408 2352 3436 „

425 3463 500 3520 4.
544 3453 926 3519 Transactis
972 3451 1166 3535 igitur
1203 3451 1460 3516 duobus
1502 3452 1861 3531 mensibus,
1891 3452 2314 3535 impiissimus
2348 3457 2641 3523 Ambrus
2670 3458 2825 3524 dae-

231 3574 306 3627 30
343 3552 566 3620 monio
585 3551 932 3633 instigatus
959 3550 1149 3617 iussit
1169 3548 1312 3615 illos
1333 3552 1596 3615 sanctos
1624 3549 1865 3615 milites
1894 3550 2125 3633 ligatos
2153 3552 2242 3616 ad
2271 3560 2570 3621 sanctam
2602 3556 2825 3623 civita-

225 3702 234 3712 ,
342 3656 482 3718 tem
528 3651 882 3717 Ierusalem
932 3650 1099 3726 duci,
1145 3654 1212 3715 et
1239 3648 1326 3714 ad
1353 3648 1653 3714 AmIram
1681 3648 1748 3713 in
1786 3648 1950 3714 haec
2000 3650 2205 3716 verba
2252 3652 2529 3736 scripsit,
2580 3659 2656 3720 ut
2700 3655 2823 3721 hos

341 3750 580 3816 milites
609 3748 960 3827 examinet,
989 3751 1056 3813 et
1081 3748 1139 3813 si
1169 3747 1503 3813 Christum
1543 3751 1807 3831 negant,
1832 3766 1945 3813 eos
1990 3749 2237 3827 solvat3
2267 3752 2443 3834 quod
2472 3752 2527 3817 si
2558 3754 2819 3833 nollent,

340 3849 556 3934 primo
576 3848 1020 3914 crudelissime
1041 3866 1270 3912 eorum
1290 3846 1600 3930 priorem,
1617 3846 1981 3913 Climacum
2000 3848 2285 3926 nomine,
2301 3854 2366 3915 et
2380 3870 2617 3917 novem
2639 3852 2819 3931 alios,

341 3948 486 4015 aliis
512 3946 990 4030 praesentibuS,
1018 3944 1388 4010 decollaret.
1433 3944 1600 4009 Cum
1630 3948 1855 4011 autem
1904 3964 2135 4011 omnes
2176 3946 2450 4014 firmiter
2488 3948 2818 4018 Christum

229 4074 304 4127 35
341 4046 810 4115 confiterentur
865 4048 933 4109 et
995 4048 1324 4109 tormenta
1393 4043 1616 4108 omnia
1669 4044 1961 4108 dicerent
2032 4063 2105 4109 se
2158 4064 2292 4109 non
2346 4047 2599 4127 timere,
2670 4070 2817 4115 cum

341 4144 674 4212 Christum
705 4143 798 4208 eis
827 4142 1281 4207 auxiliatorem
1308 4140 1650 4217 haberent,
1681 4141 1906 4206 statim
1936 4141 2129 4206 occisi
2157 4145 2330 4207 sunt.
2358 4144 2573 4213 Ceteri
2596 4151 2817 4213 autem

341 4244 582 4311 milites
609 4244 762 4306 sunt
795 4241 862 4305 in
893 4239 1254 4322 asperrimo
1275 4257 1538 4304 carcere
1564 4238 1820 4316 reclusi,
1845 4258 2187 4322 quousque
2210 4241 2501 4308 Ambrus
2529 4243 2706 4310 aliud
2734 4247 2817 4313 de

341 4342 440 4409 eis
467 4340 754 4407 mandet.
785 4340 942 4405 Post
988 4337 1258 4421 triginta
1285 4356 1442 4403 vero
1471 4336 1612 4401 dies
1639 4337 1897 4419 scripsit
1942 4338 2027 4402 ad
2078 4339 2373 4405 Amiram
2406 4341 2714 4419 AmbruS,
2742 4350 2813 4410 ut

337 4440 484 4507 illos
511 4440 860 4507 inferratos
879 4436 968 4503 ad
995 4456 1066 4502 se
1095 4436 1336 4501 mittat.
1358 4434 1610 4514 Quibus
1632 4435 2003 4501 astantibus
2025 4436 2277 4519 inquit:
2311 4442 2335 4471 ‘⁸
2369 4437 2591 4520 Usque
2618 4443 2815 4509 modo

225 4563 302 4615 40
339 4539 548 4604 durae
595 4535 864 4603 cervicis
919 4534 1093 4611 estis„
1145 4552 1278 4599 non
1325 4533 1809 4599 consentientes
1858 4534 2075 4611 nobis;
2124 4535 2179 4598 si
2221 4535 2483 4617 quidem
2517 4542 2813 4607 nostrum

335 4636 504 4702 velle
552 4634 822 4711 facietis,
850 4632 1070 4716 magni
1114 4632 1360 4697 domini
1402 4631 1470 4696 in
1496 4650 1698 4713 regno
1745 4634 1973 4696 nostro
2017 4632 2223 4709 eritis3
2268 4634 2445 4716 quod
2488 4636 2543 4701 si
2584 4637 2815 4707 noletis

313 4733 726 4809 consentire,
741 4730 1183 4797 crudelissime
1203 4728 1564 4813 patiemini.
1595 4780 1622 4809 „
1647 4728 1833 4794 Tunc
1854 4748 2085 4794 omnes
2106 4730 2299 4795 simul
2318 4731 2768 4801 clamaverunt
2799 4760 2814 4802 t

337 4838 368 4868 ⁸
419 4832 616 4901 Certe
641 4850 764 4895 nos
793 4847 988 4894 nemo
1017 4837 1330 4911 separare
1357 4826 1602 4911 poterit
1643 4826 1730 4893 ab
1768 4846 1994 4893 amore
2038 4832 2105 4893 et
2138 4827 2269 4895 fide
2298 4828 2557 4905 Christi,
2600 4850 2817 4917 neque

600 4954 752 4994 ΑιιΑι.
786 4952 954 5001 ηοω,
979 4951 1030 4989 r.
1065 4950 1216 4989 xxm.
2484 4938 2555 4993 m
