3557 5449
443 462 930 517 coru-rioms
979 464 1076 517 An
1125 466 1226 518 ss,
1279 466 1722 519 Avensa-mun
1773 464 2057 517 monna
2106 464 2524 519 casuum.
2618 444 2775 539 ,277

283 648 648 716 maioribus
687 651 996 733 peccatis.
1101 652 1187 716 42
1225 668 1298 716 se
1343 651 1531 716 deest.
1618 670 1953 728 excurare,
1998 671 2031 717 s
2072 672 2238 717 corr.
2286 672 2373 717 m.
2476 652 2564 717 43
2600 655 2776 718 sunt.

281 747 368 812 44
419 748 526 814 vel
581 749 786 834 quae]
843 767 1013 832 quae
1070 754 1314 815 autem.
1425 750 1510 813 46
1561 751 1822 834 tamen]
1878 752 2121 816 autem.
2234 750 2768 833 disperationem.

279 846 374 909 47
397 866 570 931 quae
611 846 723 913 illa
747 852 924 913 sunt.
1031 848 1118 913 50
1144 848 1482 927 tenimmlm,
1527 852 1718 914 eatur
1755 850 1831 912 in
1869 868 1987 913 ras
2032 868 2118 913 m.
2230 850 2314 913 51
2356 853 2776 933 conputatur.
2878 905 2883 911 .

279 945 374 1009 53
387 944 683 1029 dignere,
711 966 786 1013 se
811 965 975 1014 corr.
1001 966 1088 1011 m.
1173 950 1240 1012 et
1285 946 1468 1011 deest.
1551 947 1638 1012 58
1678 946 2023 1031 cruciabit]
2052 946 2426 1026 trucidabit,
2468 966 2515 1013 u
2544 950 2615 1011 in
2638 966 2776 1013 ras.

279 1062 370 1108 m.
453 1044 538 1108 60
575 1044 702 1125 (ita
725 1046 840 1129 61)
859 1047 1035 1110 sunt.
1117 1045 1204 1108 63
1221 1045 1512 1127 primum
1533 1048 1650 1110 aut
1676 1044 1859 1110 deest.
1946 1044 2033 1109 64
2054 1046 2350 1129 accipiet.
2433 1046 2774 1123 inminuta,

277 1139 354 1206 in
379 1160 547 1206 eras.
625 1144 714 1207 66
738 1146 858 1209 aut
883 1142 1066 1207 deest.
1155 1143 1560 1227 importune]
1589 1142 2001 1225 inoportune.
2084 1144 2171 1207 6'7
2198 1162 2349 1209 cum
2368 1144 2453 1208 sit
2483 1162 2776 1226 corpore.

282 1238 374 1303 69
396 1239 468 1304 in
495 1258 752 1305 somno.

366 1336 548 1420 1947,
595 1337 711 1402 lin.
737 1338 786 1401 2
807 1338 1066 1403 clausos
1096 1341 1165 1403 et
1189 1338 1258 1403 in
1298 1337 1572 1404 vinculis
1616 1337 1796 1403 deest.
1904 1338 1945 1403 3
1974 1338 2245 1417 Quoties
2273 1338 2454 1404 deest.
2533 1339 2592 1421 ι4
2626 1358 2778 1405 nec-

275 1434 536 1501 lexerit.
621 1434 668 1498 '7
686 1434 1042 1513 blandituS,
1083 1436 1136 1501 it
1163 1455 1329 1501 eras.
1411 1435 1458 1499 8
1484 1434 1771 1502 adulare.
1855 1438 1902 1500 9
1926 1436 2147 1502 cibum
2178 1456 2315 1503 non
2362 1436 2619 1503 dederit
2659 1439 2777 1504 aut

277 1532 466 1597 dem.
550 1533 636 1597 10
654 1532 974 1599 delitiosa.
1059 1534 1205 1617 aut]
1233 1533 1359 1599 vel.
1443 1534 1568 1599 sibi
1597 1533 1732 1599 adi.
1746 1554 1833 1600 m.
1916 1536 2000 1598 11
2029 1552 2103 1625 se
2124 1538 2243 1600 aut
2268 1535 2355 1599 in.
2438 1536 2521 1600 14
2540 1535 2774 1619 poteri,

275 1649 432 1695 mus
456 1629 596 1695 adi.
625 1651 706 1695 m.
797 1632 882 1695 15
905 1632 1337 1714 periuremus.
1366 1632 1450 1696 16
1489 1630 1975 1709 meledicemuS‚
2004 1651 2047 1697 a
2074 1651 2239 1696 corr.
2266 1652 2353 1697 m.
2395 1634 2577 1718 cum]
2608 1652 2771 1716 quo-

271 1728 480 1794 niam.
563 1729 648 1793 17
686 1732 754 1795 et
781 1729 837 1794 si
879 1733 1132 1795 temere
1172 1729 1421 1813 aliquid
1463 1730 1895 1813 suspicamur.
1980 1730 2063 1794 19
2090 1731 2553 1813 conprobatur.
2636 1730 2771 1796 ulla

273 1825 462 1893 deod.
543 1827 630 1890 Ζ)
657 1827 866 1911 enim]
909 1830 1154 1893 autem.
1238 1828 1322 1892 23
1348 1828 1655 1893 inmunis.
1739 1828 1824 1891 25
1864 1846 1999 1894 non
2040 1827 2173 1892 adi.
2208 1848 2289 1892 m.
2378 1832 2604 1895 tamen
2654 1829 2772 1895 ita.

275 1924 368 1989 26
390 1924 698 1991 orrenda.
780 1924 870 1989 27
889 1924 1240 2008 replentes
1322 1926 1410 1991 28
1435 1925 1702 1992 caelesti
1726 1927 1790 2008 (s
1818 1924 1951 1991 adi.
1982 1928 2097 2009 m.)
2123 1926 2367 2009 sponsi.
2449 1928 2535 1993 29
2558 1928 2771 1994 Abta-

274 2021 392 2100 vit,
405 2022 552 2087 Ain
571 2041 706 2087 rac.
735 2042 816 2086 m.
902 2022 992 2086 30
1003 2022 1150 2106 aut]
1171 2027 1259 2088 et.
1343 2023 1428 2088 35
1449 2022 1881 2107 elismosyniS.
1961 2025 2373 2107 praecipuae,
2396 2024 2667 2089 alterum
2689 2044 2772 2092 ae

277 2121 352 2185 in
401 2139 440 2185 e
486 2140 654 2185 erae.
765 2120 850 2184 36
897 2120 1040 2205 qui]
1091 2120 1286 2203 quod.
1391 2120 1546 2205 nos]
1595 2121 1809 2187 nobie.
1913 2120 2249 2197 adsiduae,
2278 2142 2359 2187 ae
2407 2123 2480 2185 in
2527 2142 2565 2189 e
2604 2142 2770 2187 eras.

275 2216 370 2281 38
413 2218 708 2284 animam
755 2218 939 2283 deest.
1046 2217 1372 2301 quicquid.
1479 2218 1564 2283 39
1616 2218 1725 2283 illo
1775 2218 1961 2284 deest.
2063 2220 2148 2283 40
2187 2220 2525 2302 apostolus
2584 2220 2768 2288 dixit.

279 2315 366 2380 41
394 2316 452 2381 si
486 2315 672 2381 deest.
754 2315 844 2379 42
880 2314 950 2381 Si
993 2316 1120 2399 ipsi
1159 2335 1282 2382 nos
1322 2316 1756 2399 penitentiam
1798 2316 2135 2382 faciamus,
2219 2318 2303 2382 44
2343 2318 2489 2402 aut]
2532 2323 2619 2383 et.
2707 2319 2776 2384 in

279 2413 524 2479 multis,
621 2414 708 2480 45
755 2432 880 2497 pro
919 2414 1227 2497 peccatis,
1263 2434 1388 2497 pro
1428 2434 1592 2479 erae.
1685 2432 1979 2497 agamus.
2076 2414 2163 2479 46
2202 2416 2523 2498 quotiens».
2608 2416 2692 2479 47
2732 2436 2776 2482 a

277 2510 492 2577 nobis.
594 2511 682 2576 48
727 2511 1082 2578 auferetur.
1183 2512 1270 2577 50
1309 2511 1677 2589 mallamuS,
1708 2531 1747 2578 e
1794 2531 2107 2597 superam
2212 2514 2295 2578 51
2335 2514 2503 2597 iam]
2542 2532 2766 2597 supra.

277 2611 370 2674 52
385 2610 680 2695 oportet]
703 2610 1040 2677 debemus.
1125 2610 1490 2693 diligamus
1575 2614 1692 2676 aut
1711 2609 1893 2675 deest.
1977 2610 2063 2674 54
2076 2612 2425 2693 possimne,
2440 2630 2485 2677 u
2502 2630 2667 2677 corr.
2682 2632 2767 2677 m.

279 2727 328 2775 a
365 2708 558 2775 nobis
605 2708 788 2775 deest.
901 2708 988 2775 56
1035 2708 1308 2792 agimus.
1416 2708 1513 2792 et]
1553 2711 1648 2774 ut.
1754 2708 2153 2794 mereaitlsm,
2189 2728 2565 2776 mereamur
2599 2731 2765 2774 corr.

275 2805 372 2872 57
409 2806 824 2890 proferimus.
907 2807 992 2873 58
1030 2807 1136 2872 ille
1179 2807 1362 2872 deest.
1459 2807 1543 2872 59
1584 2811 1760 2872 certe
1810 2807 2079 2891 parum]
2129 2826 2428 2889 parvum.
2512 2810 2598 2872 60
2637 2809 2765 2874 deo

279 2903 460 2970 deest.
547 2906 633 2970 61
671 2911 946 2988 peccata
987 2907 1154 2989 ipsa.
1259 2905 1383 2988 ipsi
1426 2904 1609 2970 deest.
1713 2904 1803 2968 62
1838 2905 1987 2988 igne
2034 2906 2433 2987 purgatorio.
2539 2925 2768 2990 supra-

278 3003 544 3086 scripta.
627 3003 712 3067 63
759 3004 1016 3069 minuta
1061 3007 1354 3087 peccata.
1440 3003 1704 3086 lignani,
1733 3022 1805 3068 m
1840 3022 1997 3066 eras.
2087 3001 2433 3086 Stipulam,
2476 3023 2561 3068 m.
2604 3023 2769 3069 eras.

277 3100 366 3165 64
401 3105 961 3180 consummantur,
986 3103 1276 3186 primum
1315 3121 1386 3166 m
1427 3121 1587 3166 eras.
1695 3102 1778 3166 65
1810 3100 1995 3176 sicut,
2026 3101 2146 3166 sed
2186 3120 2351 3166 corr.
2381 3120 2462 3165 m.
2570 3103 2655 3166 66
2682 3103 2771 3168 ad

277 3217 392 3264 me
461 3199 769 3282 pertinet.
893 3201 950 3265 si
1019 3200 1275 3283 tamen]
1345 3203 1608 3265 tantum
1674 3201 1768 3264 ut.
1894 3198 1981 3262 67
2058 3200 2443 3283 perrexero]
2514 3219 2767 3266 exeam.

277 3297 369 3362 69
389 3301 612 3380 potest
650 3316 1018 3381 poenarum
1064 3298 1134 3362 in
1183 3298 1404 3363 seculo
1445 3301 1563 3363 aut
1611 3297 1837 3362 videre
1879 3299 1995 3363 aut
2024 3297 2311 3380 cogitare
2350 3301 2466 3363 aut
2506 3298 2770 3364 sentire.

277 3396 365 3459 71
386 3397 742 3480 tanquam]
769 3396 958 3462 sicut.

364 3493 550 3574 1948,
571 3495 680 3558 lin.
716 3494 755 3558 1
796 3497 914 3561 aut
943 3492 1130 3558 forte.
1229 3493 1276 3556 2
1298 3495 1368 3557 et
1403 3491 1588 3556 deest.
1699 3491 1744 3554 3
1777 3492 1891 3574 qui
1919 3491 2149 3576 modo]
2200 3492 2487 3575 quando.
2598 3492 2767 3575 igne.

277 3592 326 3656 4
367 3610 574 3674 quare
619 3611 754 3658 non
803 3592 1038 3657 timeat
1083 3585 1354 3656 necesse
1405 3589 1490 3656 sit
1533 3593 1690 3654 tunc
1737 3607 1890 3654 non.
1993 3591 2037 3653 5
2082 3592 2373 3672 totoque.
2475 3591 2520 3654 6
2559 3593 2637 3655 ut
2684 3592 2770 3655 et.

283 3691 330 3753 7
352 3689 544 3755 bonis
577 3690 908 3772 operibus.
990 3689 1035 3754 8
1072 3688 1375 3773 deipsis]
1415 3707 1496 3754 ex
1537 3687 1681 3754 illis.
1762 3688 1806 3751 9
1832 3687 2201 3753 adsumere.
2284 3687 2539 3772 autem]
2574 3687 2771 3754 enim.

277 3787 587 3872 peccata]
637 3788 930 3866 crimina,
967 3790 1243 3870 peccata
1269 3807 1349 3851 m.
1463 3787 1545 3850 10
1571 3785 1843 3850 tamdiu.
1929 3804 2011 3850 ea
2045 3785 2229 3850 deest.
2338 3787 2417 3849 11
2448 3785 2769 3852 medicae-

280 3889 529 3964 mento,
559 3905 598 3950 e
639 3905 806 3951 eras.
897 3885 980 3949 13
1020 3887 1346 3968 poterant,
1374 3903 1420 3950 u
1456 3903 1622 3948 corr.
1650 3903 1734 3947 m.
1819 3883 1903 3948 14
1934 3883 2459 3949 inrevocabilem.
2541 3885 2627 3947 17
2662 3883 2768 3949 illo

279 4002 472 4066 purg.
500 3983 680 4068 igne]
706 3983 818 4050 illa
859 3983 1260 4066 purgatoria.
1344 3981 1428 4046 18
1455 3981 1762 4064 capitalia
1811 3980 2103 4046 crimina.
2189 3981 2273 4045 19
2296 3980 2769 4062 paenitentiam

279 4085 506 4164 agant.
589 4081 1117 4148 &redimuntun
1199 4082 1286 4144 25
1297 4079 1552 4146 clausos
1575 4083 1644 4145 et
1663 4085 1720 4143 ot
1741 4079 1811 4142 in
1831 4077 2101 4145 vinculis
2124 4077 2367 4143 desum.
2451 4079 2541 4141 27
2548 4079 2770 4161 hospi-

281 4178 464 4246 tibus
475 4179 702 4263 pedes.
783 4180 1160 4264 28vigilias]
1175 4178 1536 4244 ecclesiam.
1619 4176 1990 4260 aeostium]
2004 4176 2331 4259 ospitium.
2412 4176 2498 4239 30
2507 4178 2767 4243 veniam

280 4279 612 4361 petierint.
696 4279 778 4343 31
795 4278 1207 4361 indulgimuS,
1224 4296 1261 4343 e
1280 4297 1447 4342 corr.
1469 4297 1554 4340 m.
1636 4275 1787 4340 Istis
1809 4274 2005 4341 enim.
2086 4275 2174 4338 32
2182 4274 2417 4340 cotidie
2437 4274 2769 4341 redimun-

283 4381 417 4443 tur.
514 4376 603 4441 34
647 4376 926 4460 Propter
964 4378 1036 4440 in
1063 4375 1192 4442 Pro
1221 4395 1385 4441 eras.
1469 4375 1596 4440 hoc
1641 4373 1828 4438 deest.
1921 4373 2009 4438 36
2048 4375 2117 4438 et
2156 4372 2536 4438 continuata
2574 4372 2767 4457 longo

281 4480 586 4558 tempore
612 4475 736 4540 hac
755 4474 832 4548 (h
851 4475 1063 4558 orna).
1144 4475 1234 4537 37
1251 4473 1604 4553 elemosine
1633 4471 1835 4536 etiam
1857 4470 2005 4554 plus
2027 4489 2228 4553 quam
2254 4489 2377 4536 nos
2406 4471 2527 4551 ipsi
2546 4470 2767 4537 valere

280 4573 616 4657 possimus
663 4573 1012 4654 erogande.
1095 4571 1693 4644 communitionem,
1732 4569 2189 4634 communione
2218 4589 2301 4632 m.
2392 4568 2477 4632 38
2500 4568 2767 4635 luctum.

281 4671 642 4738 tristitiam.
763 4670 852 4734 40
905 4671 1333 4754 quiscumque
1393 4670 1464 4732 in
1525 4667 1636 4750 qui
1702 4685 1854 4733 cum
1916 4687 2077 4731 erac.
2184 4665 2268 4730 41
2324 4665 2767 4742 distructione,

281 4789 324 4836 e
379 4787 539 4832 corr.
602 4789 685 4833 m.
767 4768 1072 4851 perdidit.
1153 4766 1697 4842 aedificationem,
1747 4784 1817 4830 m
1864 4763 1979 4830 del.
2034 4785 2115 4829 m.
2232 4765 2319 4829 42
2364 4763 2762 4847 inpossibile.
