3557 5449
771 396 918 471 248
1397 419 1809 473 caumana
1856 420 2019 473 con.
2070 418 2410 473 sasinus.
2462 418 2625 471 mr.

931 606 1226 673 Credunt
1243 608 1505 691 cognati
1531 626 1722 673 sacro
1749 607 1837 674 de
1860 606 2043 673 fonte
2068 606 2317 681 renati:

932 702 1162 791 Plures
1191 704 1392 785 ignoti
1413 708 1570 769 sunt
1595 704 1725 769 isto
1745 704 1999 787 gurgite
2028 704 2179 781 loti:

937 801 1232 889 Credunt
1258 802 1468 877 vicini,
1497 802 1770 867 eredunt
1802 802 2002 867 etiam
2030 800 2373 883 peregrini.

934 898 1100 963 Sero
1125 896 1250 962 sibi
1279 916 1504 963 caram
1529 898 1791 980 gentilis
1820 897 2101 965 destruit
2128 914 2340 972 amn,

833 1010 896 1061 ⁴5
933 994 1178 1061 Servus
1206 995 1346 1060 heri
1365 994 1662 1061 Sathane
1685 996 1817 1061 iam
1838 994 2091 1061 mavult
2118 994 2384 1061 eredere
2405 1012 2587 1059 sane.

937 1094 1312 1159 caesariem
1341 1093 1534 1171 radit,
1561 1094 1847 1159 flammis
1874 1112 1996 1159 sua
2022 1093 2295 1159 numina
2320 1092 2545 1157 tradit.

940 1190 1323 1257 Commutat
1351 1196 1622 1267 vestem,
1649 1210 1736 1255 ne
1765 1191 2011 1257 sentiat
2034 1190 2179 1257 ilieo
2206 1196 2485 1273 pestem.

939 1288 1154 1355 Vestis
1173 1292 1488 1367 mutatur,
1515 1308 1648 1372 qua
1673 1292 1888 1355 tectus
1914 1290 2003 1355 ab
2031 1290 2179 1371 igne
2206 1291 2553 1353 crematur.

943 1386 1126 1453 Idola
1149 1390 1510 1464 mutantur,
1539 1386 1821 1452 Domino
1854 1387 2203 1453 simulacra
2230 1389 2593 1451 εισι-ωηατ.

841 1502 904 1553 50
943 1484 1244 1551 Christus
1270 1485 1605 1560 adoratur,
1627 1484 1760 1551 iam
1790 1484 2087 1550 Christus
2114 1485 2359 1567 ubique
2386 1486 2677 1565 rogatur.

947 1582 1092 1648 Hoc
1121 1582 1408 1665 insigniri
1431 1583 1746 1649 festinant
1767 1584 2030 1649 nomine
2058 1581 2205 1647 diri.

945 1681 1172 1764 Nuper
1197 1681 1494 1747 crudeles
1519 1700 1640 1747 sua
1662 1680 1825 1745 ssent
1844 1680 2197 1747 commissa
2224 1678 2471 1744 fideles.

949 1828 1161 1895 Huius
1187 1828 1544 1911 primatum
1573 1826 1799 1911 populi
1826 1826 1931 1892 vel
1958 1825 2413 1909 pontificatum

950 1927 1110 2006 Quis
1139 1926 1349 1991 tenuit
1375 1926 1646 2008 primus,
1675 1926 1799 1990 tuti
1822 1942 2094 1989 narrare
2120 1922 2489 2007 nequimus,

847 2041 910 2093 55
948 2024 1120 2090 Nam
1147 2024 1205 2088 si
1233 2022 1637 2105 compositae
1665 2022 1943 2087 eircares
1964 2022 2192 2086 abdita
2213 2022 2389 2086 vitae

953 2122 1100 2201 Quo
1131 2121 1323 2186 fuerit
1349 2120 1612 2203 praesul
1639 2138 1772 2184 non
1802 2120 2093 2184 invenies
2114 2118 2556 2201 Briomaglus3

951 2220 1164 2285 'huns
1193 2238 1378 2284 mare
1399 2218 1500 2282 vel
1531 2218 1714 2293 citra,
1735 2217 2023 2282 nescitur
2044 2216 2260 2281 adhuc
2284 2235 2407 2281 sua
2426 2216 2643 2279 mitra.

951 2318 1207 2383 Anulus
1233 2316 1536 2391 insertus,
1557 2314 1829 2380 baculus
1856 2314 2208 2379 veterascit
2227 2317 2517 2395 opertus.

956 2414 1240 2497 Capsula
1269 2412 1624 2478 candorem
1649 2412 1975 2489 subducit,
2010 2410 2181 2477 stola
2206 2410 2535 2476 ruborem.

849 2528 915 2579 eo
953 2511 1374 2577 praesulibus
1395 2510 1592 2575 veluti
1617 2529 1762 2575 mos
1792 2514 1894 2573 est
1914 2508 2295 2574 sandalibus
2322 2508 2441 2583 uti,

957 2608 1150 2674 Hunc
1171 2628 1342 2691 quae
1364 2607 1700 2672 declarent
1725 2626 2055 2689 nusquam
2082 2606 2378 2671 sandalia
2405 2608 2664 2687 parent.

959 2708 1144 2787 Quae
1173 2704 1394 2772 viridis
1415 2706 1638 2782 claret,
1659 2708 1919 2772 tantum
1940 2704 2297 2771 dalmatica
2314 2706 2525 2786 paret.

959 2807 1145 2872 Haec
1172 2806 1403 2870 eratin
1423 2804 1695 2887 pulchro
1723 2805 1965 2868 circum
1988 2822 2179 2868 saera
2206 2801 2505 2866 membra
2530 2799 2854 2880 sepulcro.

960 2903 1256 2970 Pontifici
1283 2902 1471 2967 testis
1498 2921 1632 2967 non
1659 2902 1901 2984 prodiit
1920 2901 2131 2966 altera
2148 2899 2373 2964 vestis.

857 3015 920 3066 ω
957 2999 1092 3064 Sed
1119 2999 1267 3064 licet
1287 3000 1578 3082 ignorem
1605 3017 1736 3082 quo
1759 3017 2077 3082 quaeram
2106 2997 2281 3062 sedis
2306 2995 2648 3070 honorem,

961 3097 1344 3162 Pontificem
1371 3097 1548 3162 busti
1575 3100 1859 3161 testatur
1884 3100 2077 3178 petra
2103 3093 2363 3170 vetusti,

965 3195 1238 3260 Dicens:
1260 3194 1607 3258 Pom-mets
1637 3213 1817 3259 utos-1·
1846 3213 1951 3257 mc
1978 3211 2213 3257 conpos
2240 3191 2612 3256 Bmouasu.

965 3289 1156 3354 Unde
1175 3291 1401 3373 procul
1429 3289 1629 3354 dubio
1653 3295 1871 3354 certus
1898 3289 1983 3353 de
2010 3287 2311 3370 praesule
2342 3286 2450 3350 flo.

965 3387 1268 3469 Namque
1294 3386 1760 3452 Britannorum
1786 3385 2046 3468 praesul
2074 3385 2180 3449 vel
2206 3383 2541 3466 apostolus
2568 3381 2804 3446 horum

863 3501 927 3551 ‘m
965 3483 1214 3562 Extitit,
1234 3485 1532 3550 inmundi
1551 3503 1718 3567 quos
1745 3485 1946 3548 traxit
1972 3483 2061 3548 ab
2088 3501 2203 3548 ore
2225 3480 2551 3564 profundi.

407 3578 432 3632 1
455 3576 577 3638 13⁰¹·-
597 3579 646 3640 9,
666 3579 717 3634 3-
969 3581 1152 3647 Sicut
1177 3583 1354 3647 enim
1381 3582 1466 3646 de
1493 3601 1566 3646 se
1593 3585 1877 3646 testatur
1902 3581 2241 3662 apostolus
2260 3579 2424 3662 ipse,

969 3679 1110 3743 Hos
1132 3679 1334 3745 habet
1361 3679 1466 3744 hic
1493 3683 1759 3744 sanctus
1788 3696 1908 3761 pro
1937 3679 2121 3760 signo
2147 3676 2587 3761 pontificatus.

970 3776 1150 3855 Quos
1170 3777 1317 3842 tulit
1335 3776 1589 3842 inferno
1615 3777 1752 3859 regi
1780 3775 2117 3842 reddendo
2144 3792 2451 3856 superno.

969 3921 1128 3986 Post
1145 3921 1322 3987 vitae
1343 3941 1605 3987 cursum
1635 3939 1783 3986 cum
1812 3922 2009 3986 vellet
2036 3921 2309 3985 tendere
2336 3935 2619 3994 sursum,

865 4035 930 4085 75
967 4018 1092 4084 Hic
1117 4021 1264 4102 pius
1285 4021 1562 4085 antistes
1589 4020 1799 4084 socios
1818 4023 2011 4084 vocat
2038 4017 2327 4100 undique
2355 4020 2579 4092 testes,

970 4117 1362 4182 Praedicens
1397 4137 1742 4182 numerum
1773 4118 1905 4182 iam
1934 4135 2007 4181 se
2034 4115 2397 4197 complesse
2425 4113 2677 4178 dierum

971 4217 1070 4280 Ac
1095 4235 1438 4298 superesse
1459 4216 1723 4292 bonam,
1753 4215 2015 4280 Christo
2041 4215 2379 4290 reddente,
2400 4229 2731 4277 coronam.

970 4313 1242 4396 Hosque
1263 4319 1447 4378 metu
1469 4314 1696 4378 mortis
1725 4313 2008 4377 lacrimis
2038 4313 2343 4377 hortatur
2366 4311 2637 4385 obortis,
2672 4343 2747 4354 —

972 4411 1143 4475 Nam
1172 4412 1318 4493 quis
1347 4413 1433 4476 ob
1455 4413 1759 4476 ardorem
1784 4429 1919 4474 non
1946 4411 2150 4474 sentit
2170 4409 2384 4473 carnis
2407 4425 2701 4472 amorem

871 4525 933 4576 so
972 4510 1109 4575 Aut
1138 4528 1331 4592 quem
1357 4527 1656 4574 securum
1688 4509 1987 4574 testabor
2007 4512 2221 4573 morte
2250 4507 2563 4581 futurum,

975 4607 1141 4672 Cum
1171 4607 1468 4672 Christus
1490 4608 1673 4683 dixit,
1697 4607 1811 4689 qui
1838 4606 2013 4671 victa
2040 4609 2255 4670 morte
2282 4603 2557 4668 revixit:

359 4713 758 4780 Μαιιωδβθ.
983 4711 1008 4738 ·
1055 4704 1382 4770 Transeat
1409 4705 1513 4770 hic
1540 4724 1809 4787 prorsus
1840 4724 1882 4769 a
1910 4723 2036 4779 me,
2060 4703 2260 4768 Pater
2288 4701 2524 4776 inclite,
2544 4701 2845 4764 morsus?
2880 4745 2907 4774 ,
