3557 5449
470 1861 507 1916 r.
526 1861 615 1930 aa}

372 4788 542 4857 Apoe.
567 4789 617 4854 4,
642 4790 721 4843 10.

772 431 923 507 250
1402 457 1820 512 carnosus
1867 459 2030 512 con.
2083 459 2424 513 momen.
2475 459 2638 513 ur.

810 661 901 714 125
938 647 1119 712 Visio
1140 647 1515 731 presbyteri
1534 666 1671 714 non
1698 647 1900 714 debet
1921 651 2160 732 operta
2177 649 2405 715 videri.

940 745 1119 810 Vidit
1139 746 1535 812 Marchanus
1556 747 1831 830 quidam
1851 747 2359 814 chorithicianus

938 844 1267 923 Quattuor
1286 845 1616 948 angelicos
1636 846 1968 912 melorum
1987 847 2160 929 regis
2181 847 2428 913 amicos

939 943 1183 1009 Pennis
1203 925 1462 1010 alarum'
1486 943 1806 1028 fulgentes
1824 963 2328 1028 purpureas-um,

940 1043 1067 1120 Qui
1086 1043 1573 1108 descenderunt
1590 1043 2020 1128 animamque
2040 1043 2180 1108 Deo
2199 1045 2586 1110 retulerint.

818 1158 909 1210 1³0
946 1141 1153 1226 Inque
1171 1141 1331 1206 boni
1350 1142 1611 1225 signum
1632 1143 1997 1208 cantabant
2017 1141 2296 1208 dulciter
2313 1143 2655 1228 hymnum.

939 1274 1039 1339 Ex
1064 1274 1294 1357 Anglis
1320 1273 1641 1358 Symorus
1662 1274 1830 1340 facie
1847 1275 2116 1358 vitaque
2137 1275 2414 1342 decorus

938 1371 1029 1438 Se
1051 1372 1290 1438 vidisse
1308 1373 1535 1456 palam
1554 1377 1840 1440 testatur
1859 1373 1928 1438 in
1947 1375 2219 1440 aethere
2239 1373 2508 1450 scalam,

937 1471 1127 1550 Quae
1146 1473 1449 1555 speciosa
1468 1471 1665 1537 nimis
1684 1472 1867 1538 caelo
1891 1473 2206 1556 surgebat
2225 1473 2316 1538 ab
2335 1471 2504 1538 imis.

940 1570 1143 1636 Cuius
1162 1574 1519 1654 utrumque
1538 1571 1713 1638 latus
1734 1590 1925 1638 sacer
1943 1571 2244 1638 ambibat
2263 1572 2636 1638 comitatus.

812 1685 903 1736 ιω
941 1669 1201 1753 Perque
1218 1670 1463 1753 gradus
1482 1673 1790 1738 sancum
1816 1669 2236 1736 deducebant
2253 1669 2718 1754 Briomasslum.

942 1769 1065 1834 His
1083 1769 1265 1834 velut
1290 1769 1612 1834 attonitus
1630 1768 1823 1852 petiit
1841 1787 1994 1834 cum
2013 1769 2261 1852 remige
2279 1769 2432 1836 litus

942 1867 1441 1950 IngredIturque
1459 1871 1675 1933 ratem
1693 1867 1965 1950 plorans
1983 1871 2259 1950 propter
2277 1867 2618 1951 pietatem.

942 1965 1029 2031 Et
1052 1969 1411 2049 postqum
1429 1966 1629 2042 flevit,
1651 1985 1888 2032 somno
1911 1967 2240 2044 veniente,
2261 1966 2525 2050 quievit.

942 2065 1198 2129 Invidet
1218 2065 1530 2147 antiquus
1550 2083 1787 2130 somno
1803 2064 2150 2148 pausantis
2171 2065 2456 2147 iniquus.

817 2179 909 2230 140
950 2163 1249 2228 Gutturis
1268 2167 1561 2228 artatum
1580 2162 1721 2228 vult
1742 2164 2068 2230 suffocare
2089 2167 2406 2228 meatum.

944 2261 1079 2328 Sed
1096 2261 1459 2327 reclamato
1486 2261 1813 2344 disparuit
1831 2261 1940 2326 ille
1964 2261 2186 2328 beato.

943 2359 1113 2426 Solis
1132 2363 1287 2442 post
1310 2363 1533 2426 ortum
1553 2361 1798 2426 meruit
1815 2360 2192 2442 contingere
2210 2362 2498 2442 portum.

945 2459 1181 2525 Castro
1198 2457 1499 2524 Sessonis
1518 2458 1938 2542 loquiturque
1958 2459 2116 2523 viris
2133 2458 2437 2542 regionis.

944 2557 1150 2622 Audit
1168 2575 1505 2622 rumorem
1526 2557 1611 2622 de
1632 2557 1844 2639 patris
1864 2560 2098 2635 morte,
2119 2557 2414 2622 dolorem

818 2671 909 2722 1⁴5
948 2655 1221 2739 Accipit,
1243 2657 1311 2719 et
1338 2673 1563 2720 coram
1581 2655 1844 2739 populis
1861 2655 2226 2739 interrogat
2239 2654 2496 2722 horam.

948 2754 1287 2838 Comperit
1304 2772 1453 2819 esse
1476 2758 1701 2819 ratum
1720 2754 1902 2837 quod
1929 2757 2074 2820 erat
2093 2754 2220 2819 sibi
2239 2752 2711 2837 significatum3

948 2852 1179 2919 Scalae
1198 2852 1618 2935 splendorem
1636 2856 1868 2917 narrat
1886 2852 2310 2935 Satanaeque
2329 2852 2655 2917 timorem.

947 2950 1101 3017 Vult
1127 2950 1449 3017 consolari
1468 2968 1637 3035 quos
1660 2950 1872 3017 cernit
1890 2949 1982 3016 ibi
2008 2949 2386 3027 lacrimari,-

946 3050 1121 3116 Dum
1138 3049 1513 3115 consolatur
1532 3049 1974 3127 lacrimantes,
1993 3048 2494 3115 collacrimatur.

822 3162 913 3213 150
952 3146 1025 3212 Si
1049 3162 1367 3229 praesens
1394 3145 1607 3222 fieres,
1627 3146 1862 3210 flentes
1887 3149 2206 3227 utrosque
2233 3144 2512 3220 videres,

950 3244 1119 3311 Cum
1137 3244 1401 3326 penitus
1420 3246 1711 3323 nossent,
1732 3243 1790 3308 si
1807 3247 2082 3327 pectora
2101 3242 2407 3307 claudere
2427 3242 2720 3325 possent.

948 3341 1105 3407 Plus
1124 3342 1293 3407 forte
1318 3340 1703 3407 laetandum
1722 3360 1848 3424 pro
1872 3341 1992 3407 tali
2017 3360 2224 3423 quam
2248 3338 2760 3415 lacrimandum3

949 3440 1087 3506 Sed
1104 3458 1241 3505 non
1266 3457 1642 3505 sermonem
1670 3438 1859 3505 dolor
1877 3438 2118 3551 accipit
2135 3440 2256 3503 aut
2279 3436 2625 3503 rationem.

949 3570 1207 3637 Accidit
1224 3574 1493 3653 aegroto
1520 3569 1735 3635 morbi
1759 3544 2132 3635 discrimine
2153 3573 2312 3634 noto
2325 3571 2342 3627 ἶ·

821 3687 912 3738 155
954 3670 1042 3734 Ut
1067 3670 1251 3735 iuxta
1271 3668 1466 3734 funus
1488 3671 1756 3751 caperet
1774 3668 2076 3733 mirabile
2094 3686 2356 3732 munus.

951 3768 1100 3833 Vim
1121 3768 1245 3832 sibi
1273 3767 1725 3831 membrorum
1743 3766 1987 3831 tulerat
2005 3766 2266 3831 sentina
2283 3764 2612 3829 malorum

954 3867 1053 3932 Ac
1070 3884 1265 3931 usum
1285 3864 1468 3929 fandi
1487 3864 1836 3939 retinebat,
1855 3882 1992 3929 non
2017 3862 2355 3946 operandi.

952 3964 1329 4046 Numquam
1358 3964 1690 4045 surgebat,
1711 3961 1832 4028 sed
1857 3981 1984 4027 nec
2009 3966 2272 4044 reptare
2291 3961 2580 4026 valebat.

955 4064 1062 4130 Ad
1080 4062 1330 4145 primos
1350 4060 1653 4143 planctus
1673 4062 1990 4143 properat
2017 4078 2395 4125 succurrere
2417 4059 2704 4135 sanctus,

828 4178 918 4229 160
954 4161 1093 4226 Nec
1120 4160 1345 4225 tardat
1362 4158 1583 4224 miseri
1604 4158 1855 4240 pietate
1882 4176 2006 4223 sua
2025 4157 2338 4222 misereri.

954 4260 1175 4324 Antea
1200 4256 1511 4321 confusus
1538 4254 1853 4338 pergendi
1882 4254 2156 4336 suscipit
2179 4273 2340 4319 usus

956 4357 1425 4437 Robustasque
1446 4372 1684 4418 manus
1702 4354 1898 4418 offert
1925 4352 2014 4418 ad
2037 4351 2229 4417 fortia
2248 4370 2468 4416 sanus.

957 4486 1025 4553 Si
1051 4487 1149 4551 vis
1170 4504 1365 4551 nosse
1393 4484 1551 4549 boni
1572 4502 1836 4549 sacrum
1862 4480 2084 4547 natale
2104 4482 2386 4564 patroni,

956 4585 1105 4650 Non
1132 4584 1307 4650 ultra
1328 4582 1582 4659 tendaS,
1604 4582 1722 4647 sed
1750 4581 1882 4646 mai
1913 4600 2100 4645 sume
2129 4578 2520 4644 chalendaS.·

833 4701 925 4751 165
962 4684 1077 4748 Illo
1096 4700 1337 4765 nempe
1357 4681 1465 4745 die
1491 4684 1848 4763 penetrans
1867 4683 2122 4744 secreta
2142 4676 2414 4760 sophiae

966 4782 1073 4846 Bis
1099 4780 1555 4846 duodenorum
1574 4778 1764 4844 sedet
1784 4778 1852 4841 in
1873 4774 2092 4842 studio
2113 4776 2463 4841 seniorum.
