3557 5449
763 359 910 433 312
1475 383 1592 436 vm
1644 382 1734 436 nn
1786 383 1849 436 s.
1900 381 2173 435 nomm
2224 381 2315 434 nu
2370 380 2559 434 nus

761 569 898 635 lum
919 573 1019 634 est
1043 569 1316 635 Crovius
1329 571 1427 652 (1)
1449 590 1647 653 super
1669 570 1943 637 fluvium
1962 571 2132 648 Lith,
2148 570 2235 635 ibi
2264 571 2556 636 obviavit
2576 571 2637 635 ei
2664 571 2761 635 vir
2780 570 3126 652 malignus»,
3140 569 3255 653 qui

762 667 1044 733 iridebat
1071 688 1224 733 eum
1246 674 1314 734 et
1341 668 1604 735 dicebat
1629 689 1762 734 non
1792 687 1945 734 eum
1972 689 2117 736 esse
2146 687 2411 734 servum
2433 667 2574 747 Dei,
2596 667 2717 734 sed
2738 668 3185 734 Mammonem
3211 669 3255 742 ¹,

763 770 831 831 et
851 784 1100 832 exuens
1129 787 1280 832 eum
1303 766 1499 850 pallio
1527 787 1668 845 sun,
1690 771 1757 833 et
1780 768 2039 833 minans
2068 786 2221 832 eum
2242 767 2525 832 fustibus
2554 785 2705 832 cum
2734 767 3065 850 discipulis
3094 766 3255 842 suis,

763 868 831 929 et
857 883 1138 947 pergens
1167 865 1254 930 ad
1276 866 1544 930 domum
1570 885 1762 932 suam
1782 865 2072 949 portavit
2092 865 2413 948 praedicti
2435 865 2555 931 viri
2584 864 2701 930 Dei
2732 865 2943 930 sancti
2964 864 3254 930 Romani

763 981 1047 1045 cappam
1095 982 1340 1028 secum.
1381 963 1598 1042 Quam
1640 983 1789 1029 cum
1830 963 2143 1029 iactasset
2184 963 2439 1029 mulieri
2483 982 2664 1039 suae,
2708 963 2999 1029 insiliens
3049 982 3255 1046 super
3288 977 3325 1028 5

765 1079 916 1125 eum
945 1061 1212 1144 spiritus
1239 1062 1562 1144 malignus
1591 1067 1660 1128 et
1687 1081 1888 1146 super
1914 1080 2189 1127 uxorem
2210 1081 2402 1128 suam
2433 1065 2500 1127 et
2528 1081 2729 1146 super
2756 1061 3021 1128 unicam
3047 1061 3257 1126 filiam

763 1178 954 1224 suam
982 1161 1291 1225 conticuit
1313 1161 1569 1243 linguas
1597 1179 1847 1238 eorum,
1876 1163 1944 1225 et
1970 1160 2105 1225 filia
2132 1161 2335 1225 surda
2361 1165 2429 1225 et
2456 1179 2655 1225 caeca
2682 1160 2921 1225 effecta
2962 1165 3066 1225 est
3108 1159 3252 1224 nul-

761 1257 996 1340 lusque
1025 1277 1250 1323 eorum
1281 1257 1410 1324 alio
1437 1257 1858 1341 loquebatur3
1888 1262 2285 1342 secutusque
2312 1264 2416 1324 est
2444 1277 2597 1324 eum
2624 1257 2725 1323 vir
2751 1256 3013 1323 Domini
3042 1277 3257 1341 usque

764 1357 853 1422 ad
881 1357 1154 1421 domum
1189 1356 1328 1421 eius
1355 1361 1590 1440 petens
1630 1357 2010 1440 hospitium.
2039 1356 2121 1422 Et
2159 1375 2479 1440 responso
2520 1375 2655 1422 non
2688 1355 2975 1434 inventu,
3004 1351 3258 1421 miseri·

765 1455 988 1519 cordia
1043 1460 1262 1519 motus
1307 1454 1457 1520 fecit
1499 1455 1869 1521 orationem
1908 1474 2031 1537 pro
2074 1455 2188 1532 eis,
2228 1460 2305 1520 ut
2354 1453 2826 1538 indulgentiam
2862 1456 3257 1537 acciperent.
3296 1467 3363 1520 10

765 1551 1010 1618 Meritis
1055 1572 1213 1618 vero
1255 1553 1575 1636 praedicti
1603 1554 1724 1618 viri
1753 1553 2190 1630 crediderunt,
2220 1554 2545 1637 simulque
2579 1553 2935 1619 sanitatem
2959 1551 3259 1635 recipere

766 1655 1170 1718 meruerunt.

847 1752 1008 1819 Erat
1049 1757 1276 1818 autem
1303 1752 1372 1817 in
1413 1754 1546 1818 iam
1589 1753 1762 1818 dicto
1792 1753 1933 1818 viro
1976 1758 2207 1819 sancto
2250 1753 2779 1837 incomparabilis
2820 1753 3052 1836 gratia,
3092 1753 3259 1818 nibil

765 1854 1102 1917 terrenum
1152 1855 1554 1934 competenS,
1604 1852 1723 1916 sed
1770 1852 2204 1935 omnipotenti
2254 1871 2326 1916 se
2366 1871 2632 1934 semper
2673 1855 2887 1917 totum
2936 1851 3257 1928 tribuens,

763 1950 1078 2033 praelatis
1102 1950 1404 2015 subditus
1447 1953 1515 2016 et
1535 1949 1815 2015 subditis
1842 1951 2261 2028 reverenduS,
2284 1951 2703 2033 magnatibus
2730 1968 2883 2015 vero
2904 1953 2973 2016 et
2990 1951 3257 2032 regibus
3294 1957 3355 2010 15

763 2048 1113 2124 timendus,
1143 2048 1496 2114 humilibus
1538 2052 1606 2113 et
1647 2047 2208 2132 contemptoribus
2242 2049 2485 2114 saeculi
2525 2048 2903 2127 imitandus,
2943 2049 3253 2114 omnibns

763 2147 955 2212 bonis
995 2146 1316 2223 amabiliS,
1359 2147 1597 2229 iniquis
1639 2150 1706 2212 et
1748 2148 2205 2230 peccatoribus
2246 2147 2572 2224 terribilis,
2615 2146 2850 2212 divinis
2901 2147 3255 2212 virtutibus

764 2245 1145 2328 praeclarus
1175 2250 1242 2310 et
1271 2246 1488 2311 verbis
1517 2245 1752 2310 divinis
1782 2264 2047 2328 semper
2067 2245 2357 2322 deditusz
2394 2246 2481 2311 ab
2508 2245 2797 2312 obsessis
2816 2245 2994 2310 enim
3024 2265 3257 2329 corpo-

763 2344 946 2409 ribus
969 2344 1323 2409 daemonia
1345 2343 1634 2426 fugabat,
1657 2347 1726 2410 et
1745 2362 2073 2427 pauperes
2094 2345 2458 2410 recreabat.
2473 2343 2769 2428 Denique
2790 2363 2940 2408 cum
2962 2343 3254 2428 quadam

765 2445 958 2507 nocte
994 2441 1298 2506 molestia
1343 2440 1665 2524 corporali
1711 2445 2071 2524 correptus,
2108 2441 2177 2506 in
2212 2441 2350 2507 solo
2394 2445 2655 2508 tantum
2696 2441 3076 2524 pectusculo
3117 2441 3255 2507 vita
3288 2447 3357 2500 20

762 2539 1138 2622 palpitaret,
1197 2539 1362 2604 vidit
1401 2539 1706 2622 angelum
1757 2539 2019 2604 Domini
2062 2559 2143 2605 ea
2186 2558 2358 2623 quae
2401 2538 2490 2606 ad
2537 2559 2703 2622 opus
2745 2538 3253 2622 praedicationis

764 2643 918 2703 sunt
940 2657 1229 2721 congrua
1249 2639 1377 2703 sibi
1397 2639 1923 2714 annunciantem,
1940 2657 2223 2722 cumque
2244 2641 2503 2722 septem
2524 2657 2736 2703 annos
2755 2638 2825 2703 in
2844 2657 3050 2721 opera
3060 2657 3255 2721 prae-

763 2734 1107 2803 dicationis
1138 2737 1616 2820 completurum
1643 2738 2163 2820 praedicentem3
2194 2738 2371 2821 quod
2411 2739 2507 2804 ita
2534 2742 2603 2803 et
2642 2738 2890 2803 factum
2928 2742 3049 2804 est.
3076 2738 3255 2804 Inter

764 2841 1028 2901 caetera
1057 2854 1213 2917 ergo
1244 2836 1407 2901 haec
1435 2836 1576 2918 ipse
1605 2836 1662 2901 ei
1691 2834 1963 2919 angelus
1991 2834 2252 2902 Domini
2282 2855 2479 2919 agere
2506 2836 2873 2901 suadebat:
2908 2842 2935 2871 ⁸
2965 2834 3253 2913 Declins„

763 2934 992 3018 inquit,
1023 2954 1065 3000 a
1095 2934 1272 3000 malo
1303 2939 1370 2999 et
1397 2954 1520 3016 age
1541 2934 1812 2999 bonum.
1840 2934 2059 3000 Vitam
2090 2938 2275 2999 tuam
2298 2935 2611 3000 creatoris
2631 2933 2753 2999 Dei
2778 2934 2977 3000 laude
3000 2933 3251 3000 utendo
3286 2946 3355 2999 δ

765 3052 977 3098 serva.
1031 3032 1242 3097 Omne
1274 3032 1451 3115 quod
1495 3033 1743 3097 malum
1787 3035 1887 3097 est
1930 3032 2319 3116 abnegando
2362 3051 2620 3115 respue.
2662 3032 2817 3098 Esto
2846 3032 3015 3098 sicut
3040 3030 3253 3099 fidelis

767 3131 1203 3213 dispensator,
1229 3128 1392 3195 nihil
1430 3129 1548 3195 tibi
1590 3133 1858 3213 praeter
1900 3130 2145 3195 victum
2174 3134 2242 3195 et
2283 3130 2597 3195 vestitum
2623 3127 2983 3207 vindicans,
3028 3129 3255 3213 sicque

769 3230 838 3294 in
866 3228 1202 3294 offerendo
1231 3228 1410 3293 lucro
1437 3228 1606 3293 sicut
1635 3228 1704 3293 in
1730 3228 2030 3311 augendo
2060 3232 2501 3311 temperatus;
2530 3228 2643 3311 qui
2664 3228 2840 3293 enim
2861 3228 2955 3293 sic
2974 3227 3255 3295 libenter

769 3328 1018 3393 donum
1060 3328 1228 3392 sicut
1271 3326 1500 3391 datum
1545 3328 1927 3409 susceperit,
1970 3346 2045 3391 os
2073 3330 2409 3392 mutorum
2456 3326 2715 3409 aperire
2763 3326 3047 3410 poterin
3096 3326 3257 3392 nihil

767 3425 1153 3491 mendicans
1180 3425 1306 3490 nisi
1334 3426 1642 3490 vestitum
1673 3430 1937 3490 tantum
1957 3425 2267 3491 retinens.
2298 3423 2435 3489 Deo
2456 3424 2697 3490 odibile
2716 3428 2821 3490 est
2838 3424 3058 3490 aliena
3076 3444 3259 3491 com-
3293 3436 3377 3495 ³0.

764 3528 994 3608 petere
1023 3528 1090 3589 et
1116 3524 1387 3607 propria
1412 3524 1733 3602 retinere3
1775 3525 2055 3608 pauperi
2080 3522 2257 3589 enim
2298 3526 2366 3589 et
2392 3524 2641 3589 cunctis
2678 3542 2817 3589 non
2851 3523 3255 3591 habentibus

769 3625 1072 3690 convenit
1092 3627 1320 3706 petere
1342 3625 1410 3687 et
1431 3622 1830 3689 habentibus
1844 3626 2070 3688 autem
2090 3621 2531 3705 indigentibus
2542 3622 2949 3705 dispensare.
2962 3621 3260 3689 Eleemo-

768 3742 972 3807 synae
1001 3722 1180 3787 nullo
1207 3725 1484 3804 rogante
1513 3720 1999 3803 dispensandae
2028 3728 2184 3785 sunt
2225 3722 2651 3803 pauperibuS,
2692 3720 2873 3785 bona
2900 3720 3074 3802 quo'
3076 3770 3259 3787 ......

767 3821 1111 3905 operanda
1137 3825 1291 3887 sunt
1314 3820 1600 3885 maxime
1629 3820 1696 3885 in
1725 3820 2122 3886 domesticos
2162 3818 2293 3885 fide
2324 3868 2359 3884 ..
2390 3818 2619 3901 Iniquo
2736 3818 2803 3884 in
2828 3836 3164 3901 pauperes
3192 3822 3261 3884 et

768 3920 950 3986 omni
977 3920 1210 3985 solatio
1239 3918 1588 3984 destitutos
1615 3918 1939 4002 accepit...
1954 3922 2125 3983 sunt.
2146 3917 2341 3983 Nulla
2368 3936 2524 4000 ergo
2544 3916 2871 3982 discordia
2894 3916 2961 3981 in
2988 3917 3262 3982 ecclesia
3294 3934 3355 3987 35

768 4019 888 4084 Dei
919 4069 1015 4085 .....
1042 4018 1237 4101 plebe
1266 4020 1418 4082 sunt
1447 4017 1809 4099 apostolico
1835 4016 2049 4081 ordini
2062 4016 2091 4055 ⁸
2134 4021 2199 4081 ct
2230 4014 2569 4081 doctrinae
2600 4019 2871 4081 sanctae
2918 4014 3260 4092 insistunt;

769 4119 1066 4201 quivero
1097 4116 1166 4181 in
1206 4116 1622 4181 monasteriis
1649 4117 1917 4198 degunt,
1946 4134 2097 4180 cum
2126 4114 2383 4181 silentio
2412 4117 2767 4198 operantes
2794 4132 2989 4180 suum
3016 4132 3263 4196 panem

767 4218 1187 4282 manducent.
1217 4214 1386 4281 Sunt
1414 4233 1572 4280 vero
1613 4213 1907 4280 nonnulli
1951 4214 2062 4298 qui
2106 4234 2149 4280 a
2190 4214 2527 4281 doctrinae
2554 4212 2770 4279 officio
2814 4230 2887 4277 se
2929 4215 3261 4290 recusant,

837 4390 856 4423 ¹
877 4390 954 4443 sic
972 4388 1042 4449 B;
1055 4388 1436 4455 corriaendum
1457 4386 1672 4440 videtur
1687 4404 1708 4439 .·
1725 4402 2085 4442 mammonae
2102 4388 2194 4455 (cs.
2212 4384 2405 4440 nauh.
2427 4389 2689 4452 6‚24).—
2703 4385 2729 4419 ⁸
2746 4384 3001 4451 mcum,
3018 4398 3159 4451 quos
3177 4384 3261 4437 hic

767 4477 816 4525 et
834 4473 893 4525 in
907 4471 1248 4538 sequentibus
1256 4485 1336 4536 pu
1343 4470 1478 4522 nelis
1485 4469 1677 4535 posius
1697 4470 2023 4535 indicamus,
2036 4474 2087 4524 el
2103 4470 2165 4523 in
2181 4468 2227 4523 Β
2243 4473 2375 4523 sunl
2395 4469 2683 4523 indicatae.
2698 4496 2763 4506 —
2779 4468 2804 4502 ⁸
2814 4467 2947 4521 add.
2960 4465 3143 4533 Bup-
3156 4464 3258 4519 lin.

833 4636 906 4698 (1)
941 4634 1184 4689 Localite
1207 4635 1500 4700 inconnue,
1523 4638 1879 4692 mentionnee
1909 4652 2009 4705 par
2031 4635 2293 4703 Gregoire
2316 4634 2387 4688 de
2408 4633 2589 4689 Tours
2606 4632 2771 4697 (Viri.
2800 4631 2869 4687 Β.
2891 4606 3151 4699 Martini,
3170 4631 3271 4695 lv,-

769 4719 848 4780 17,
871 4718 956 4780 23,
974 4722 1032 4771 et
1053 4716 1206 4773 Glor.
1229 4717 1401 4785 cons„
1423 4734 1471 4772 c.
1494 4718 1598 4780 94).
