3557 5449
705 395 804 470 22
955 416 1370 472 ennecus
1419 417 1726 471 comem:
1777 417 2510 470 mmocaffmconmn
2562 415 2995 470 cumeorum

789 613 864 674 0.
909 607 1072 690 (Pol.
1111 607 1434 690 259-271).
1475 607 1857 686 Μαρτύριον
1896 609 2019 672 τοῦ
2042 607 2253 684 -ἀγίου
2306 605 2411 670 καὶ
2460 605 2733 672 ἐνδόξου
2782 606 3187 684 μεγαλομάρ-

703 743 908 804 τυρος
932 726 1056 788 τοῦ
1077 723 1362 802 Χριστοῦ
1392 722 1726 788 Εὔπλου.
1754 753 1839 776 =
1868 721 1997 788 ΒΞ.
2896 723 3065 804 Aug.
3090 721 3189 786 12.

791 847 908 904 10.
951 837 1116 922 (Fol.
1171 839 1500 923 283-292).
1569 839 1949 918 Μαρτύριον
2016 840 2139 902 τοῦ
2208 837 2399 914 ἁγίου
2470 835 2907 916 Ἀδριανοῦ.
2982 835 3185 902 Οὗτοι

703 952 1000 1032 ἢθλησαν
1040 955 1172 1018 σὺν
1213 953 1396 1036 αὐτῷ
1409 973 1426 988 ·
1473 953 1833 1032 Μηνάδιος,
1877 953 2189 1031 Συνετός,
2232 953 2545 1030 Εὕρετός,
2575 951 2857 1026 Πλᾶτον,
2890 951 3189 1029 Θῦρσος,

701 1067 984 1145 Εὐῖθιος,
999 1067 1356 1148 Ἀνθιμος,.
1369 1069 1729 1148 Εὐψύχιος,
1761 1069 2149 1147 Φαρέτριος,
2182 1068 2523 1146 Γεντίλιος,
2552 1067 2893 1144 Κλαύδιος,
2926 1065 3189 1130 Ἀνατό-

695 1184 860 1261 λιος,
889 1183 1293 1263 Μαρδόνιος,
1325 1183 1743 1262 Ἑρμογένης,
1775 1183 2133 1264 Ἀντίοχος,
2180 1181 2505 1262 Ἰωάννης,
2551 1181 2935 1260 Θεόδωρος,
2980 1181 3189 1260 Τροά-

699 1299 866 1376 διος,
899 1295 1242 1377 Κυριακός,
1265 1297 1692 1377 Ἐλευθέριος,
1724 1299 2095 1377 Καρτέριος,
2127 1296 2480 1376 Θεογένης,
2510 1297 2834 1376 Μαρίνος.
2856 1327 2941 1350 =
2964 1296 3038 1360 B.

1031 1414 1158 1469 Des.
1176 1413 1270 1469 καί
1291 1413 1628 1482 αἰτήσαντες
1647 1415 1845 1478 αὐτοῖς
1862 1415 2035 1480 εὐχήν
2050 1415 2323 1479 γενέσθαι
2338 1414 2452 1468 ἀπὸ
2468 1415 2575 1480 τῆς
2592 1413 2811 1477 Θέσεως
2827 1411 3191 1480 έσφράγισαν

963 1513 1036 1566 τὸ
1053 1513 1260 1580 οἴκημα
1273 1525 1288 1539 ·
1308 1515 1527 1579 πλῆθος
1549 1511 1614 1566 δὲ
1636 1512 1919 1578 ἀνδρῶν...
1944 1512 2109 1579 ἁμήν.

789 1618 904 1675 11.
945 1607 1110 1692 (Fol.
1157 1607 1512 1693 293-306v).
1563 1609 1717 1689 Βίος
1772 1614 1887 1688 τῆς
1942 1609 2130 1687 ἁγίας
2174 1609 2508 1687 παρθένου
2560 1607 2957 1686 Μακρίνης
3017 1622 3179 1682 συγ-

700 1725 977 1804 γραφεῑς
1017 1723 1146 1788 ὑπὸ
1191 1725 1546 1804 Γρηῖορίου
1590 1726 1712 1790 τοῦ
1757 1725 1960 1802 αὐτῆς
2000 1724 2299 1803 ἀδελφοῦ
2342 1724 2707 1789 ἐπισκόπου
2755 1723 2985 1801 Νύσης
3011 1723 3185 1800 πρὸς

571 1893 577 1900 ,
665 1897 680 1914 ,
705 1839 944 1919 Ἱέρων.
967 1870 1050 1894 ===
1078 1839 1152 1905 B.

1585 2027 1853 2094 connx
1891 2027 1934 2092 4
1975 2026 2121 2112 (νος
2164 2027 2308 2111 νς).

767 2189 1172 2256 Ιοιιιδτυιοω,
1193 2189 1452 2246 foliorum
1473 2191 1572 2246 247
1599 2195 1836 2260 (praeter
1856 2191 2089 2246 iusiticia
2110 2191 2263 2255 duo),
2277 2192 2432 2257 0-,35
2454 2199 2505 2252 Χ
2527 2191 2731 2256 0-,2812
2748 2191 2895 2246 binis
2916 2189 3193 2245 columnis

701 2305 850 2347 ιιιοο.
867 2289 996 2346 xm
1017 2294 1292 2345 exaratus.

767 2389 1176 2456 Πανηγυρικὸν
1197 2389 1590 2458 complectens,
1609 2393 1829 2458 praeter
1856 2405 1923 2442 οι
1955 2404 2100 2458 quae
2132 2388 2275 2443 infra
2313 2389 2781 2452 enumerabimus,
2822 2387 3087 2442 homilias
3118 2387 3191 2440 de

701 2487 766 2543 Β.
787 2485 856 2542 Μ.
877 2486 943 2541 V.
963 2503 1015 2541 ει.
1038 2487 1258 2543 Andron
1279 2485 1544 2551 Cretensi,
1572 2487 1839 2542 homilias
1855 2487 1925 2542 de
1956 2487 2131 2542 Crnee
2152 2488 2206 2541 S.
2232 2487 2458 2544 Ioannis
2492 2487 2894 2555 chrysostomi,
2935 2486 3192 2541 Andreae

703 2583 994 2650 cretensis,
1013 2585 1364 2642 Pantaleonis
1385 2586 1585 2655 presb„
1609 2590 1666 2641 et
1688 2587 1869 2641 varias
1894 2587 2171 2641 orationes
2192 2587 2247 2641 S.
2270 2586 2520 2654 Gregorii
2545 2587 2805 2654 theologi.

769 2683 921 2741 Bolia
941 2683 1179 2739 insiticia
1199 2683 1358 2740 initio
1391 2689 1450 2740 et
1473 2683 1532 2741 in
1565 2685 1676 2741 fine
1697 2685 2009 2755 fragmenta
2030 2686 2312 2741 continent
2334 2685 2762 2755 hagiograpffica
2782 2685 3092 2750 notissima„
3128 2689 3193 2741 ut

703 2782 863 2839 Vitae
885 2782 938 2837 S.
961 2782 1226 2838 Demetrii
1242 2787 1330 2846 (==
1351 2782 1476 2847 ΒΞ),
1498 2787 1556 2838 et
1576 2782 1905 2853 principium
1924 2783 2081 2839 Vitae
2104 2784 2158 2839 S.
2174 2784 2499 2839 Anastasiae
2522 2784 2757 2839 senioris
2780 2790 2869 2846 (=
2888 2784 2935 2838 B
2952 2787 3019 2847 1).

793 2938 858 2996 1.
905 2930 1070 3013 (Fol.
1100 2929 1340 3014 32-37).
1371 2928 1650 3011 Εὖρεσις
1678 2934 1799 2996 τοῦ
1828 2932 2037 3011 τιμίου
2068 2933 2170 2996 καὶ
2200 2936 2532 2997 ζωοποιοῡ
2566 2936 2944 3010 σταυροῦ.

1030 3046 1142 3101 Ine.
1165 3045 1368 3111 Ἐτους
1402 3048 1807 3102 διακοσιοστοῦ
1842 3051 1947 3101 τοῦ
1988 3050 2253 3114 σωτῆρος
2292 3048 2455 3114 ἡμῶν
2478 3046 2661 3114 Ἰησοῦ
2685 3048 2933 3114 Χριστοῦ
2954 3048 3193 3114 ζήτησις

967 3142 1062 3198 καί
1085 3144 1377 3211 ἁνεύρεσις
1394 3144 1635 3209 γέγονεν
1658 3146 1766 3199 τοῦ
1792 3147 2050 3211 σταυροῦ
2074 3143 2137 3198 ἐν
2160 3144 2210 3211 ᾧ
2234 3145 2521 3211 δεσπότης
2544 3172 2609 3183 -
2642 3144 2765 3197 Des.
2790 3144 3064 3198 ἐπιτελεῖν
3087 3143 3195 3209 τήν

966 3242 1193 3309 μνήμην
1222 3246 1330 3297 τοῦ
1363 3242 1552 3309 τιμίου
1577 3247 1837 3309 σταυροῦ
1858 3242 1991 3309 μηνὶ
2013 3242 2369 3309 σεπτεμβρίψ
2386 3242 2484 3297 ιδ’·
2508 3244 2637 3297 ὅσοι
2660 3244 2771 3309 γὰρ
2794 3246 3197 3308 προσκυνοῦσι

967 3340 1072 3393 τὸν
1111 3340 1356 3407 Χριστὸν
1393 3340 1486 3395 καὶ
1507 3340 1862 3395 ἐπιτελοῦσιν
1899 3340 2007 3406 τήν
2040 3341 2264 3408 μνήμην
2299 3343 2407 3395 τοῦ
2440 3340 2628 3406 τιμίου
2656 3345 2917 3407 σταυροῦ
2940 3342 3195 3403 τύχωσιν

967 3440 1072 3504 τῆς
1092 3436 1372 3505 μερίδος-.
1396 3439 1562 3505 ἀμήν.
1586 3436 1666 3495 ct.
1690 3437 1735 3492 B
1749 3438 1801 3491 3.

782 3540 852 3601 2.
897 3534 1062 3617 (Fol.
1098 3534 1370 3621 59-83v).
1418 3536 1847 3614 Ἀλεξάνδρου
1899 3538 2187 3617 μοναχοῡ
2234 3537 2435 3615 λόγος
2492 3536 2828 3616 ἱστορικὸς
2878 3538 3027 3615 περὶ
3070 3541 3190 3615 τῆς

699 3650 1029 3731 εὑρέσεως
1047 3655 1166 3716 τοῦ
1195 3651 1404 3731 τιμίου
1437 3652 1538 3714 καὶ
1560 3653 1893 3717 ζωοποιοῦ
1924 3655 2273 3728 σταυροῦ
2305 3652 2474 3730 πρός
2500 3672 2683 3731 τινας
2710 3654 2999 3730 πατέρας
3026 3670 3188 3731 προ-

697 3767 956 3846 τραπεὶς
985 3764 1094 3831 ὑπ’
1116 3768 1350 3841 αὐτῶν,
1380 3765 1452 3830 έν
1479 3766 1535 3847 ᾧ
1565 3766 1704 3830 ἔστι
1733 3766 2036 3842 θεολογία
2079 3766 2323 3844 ἀληθὴς
2352 3767 2455 3829 καὶ
2482 3768 2629 3844 περὶ
2652 3771 2769 3844 τῆς
2794 3767 2974 3844 Θείας
3010 3768 3185 3831 οἰκο-

693 3882 922 3960 νομίας
949 3880 1239 3961 ἀπλανὴς
1268 3880 1584 3961 ὁμολογία
1608 3882 1709 3944 καὶ
1735 3880 2057 3960 ἐγκώμιον
2086 3880 2177 3958 εἰς
2208 3881 2327 3945 τὸν
2368 3880 2555 3957 ἅγιον
2595 3882 2910 3959 σταυρόν.
2942 3912 3027 3934 2
3048 3881 3101 3945 B
3118 3882 3173 3945 1.

1027 3996 1159 4051 Des.
1175 3996 1238 4051 ἐν
1255 4002 1327 4065 τῇ
1350 3996 1535 4063 ἡμέρᾳ
1557 3998 1660 4062 τῆς
1683 3997 2132 4059 ἀνταποδόσεώς
2156 4008 2264 4049 σου
2294 3998 2398 4061 τῆς
2425 3994 2642 4058 δικαίας
2658 4008 2671 4021 ·
2693 3996 2767 4048 σὺ
2785 3996 2899 4061 γὰρ
2919 3994 2969 4050 εἷ
2986 3997 3019 4049 ὁ
3046 3996 3193 4059 Θεὸς

961 4094 1124 4160 ἡμῶν
1145 4094 1238 4149 καὶ
1258 4096 1511 4162 πρέπει...
1537 4094 1702 4160 ἀμήν.

779 4198 852 4258 3.
897 4190 1062 4273 (Fol.
1117 4192 1391 4276 83v-98).
1446 4190 1728 4271 Πράξεις
1798 4194 1899 4255 καὶ
1970 4193 2264 4271 θαύματα
2331 4193 2452 4254 τοῦ
2536 4190 2723 4267 ἁγίου
2799 4190 3187 4256 ἀποστόλου

698 4302 1008 4384 Ἀνδρέα
1037 4306 1138 4370 καὶ
1167 4306 1523 4386 μάρτυρος.
1552 4336 1636 4359 =
1661 4306 1992 4388 (Andreas
2022 4310 2089 4371 et
2117 4304 2456 4387 Matthias)
2486 4303 2561 4369 B.

778 4428 850 4485 4.
896 4420 1062 4504 (Fol.
1101 4420 1414 4505 98v-103).
1456 4420 1834 4499 Μαρτύριον
1882 4422 2002 4484 τοῦ
2054 4419 2241 4498 ἁγίου
2294 4418 2657 4498 Ἀνδρέου
2712 4423 2835 4484 τοῦ
2897 4420 3188 4485 ἀποστό-

602 4564 606 4569 ·
697 4540 839 4603 λου.
866 4566 950 4591 =
976 4537 1104 4603 131.

1024 4651 1094 4705 u.
1113 4650 1340 4715 Βοιιιιετ,
1361 4652 1506 4706 Acta
1531 4650 1901 4719 apostotorum
1920 4649 2254 4717 apocrypha,
2282 4648 2348 4713 11,
2366 4650 2411 4711 1,
2437 4648 2575 4702 1·37.
2599 4648 2712 4703 Ine.
2728 4647 2807 4703 “A
2830 4652 2952 4713 τοῖς
2971 4650 3195 4733 ὀφθαλσ-

959 4752 1084 4817 μοῑς
1106 4750 1270 4818 ήμῶν
1287 4748 1488 4815 ῐδομεν
1510 4750 1772 4812 πάντες...
