3557 5449
776 426 878 513 50
1026 454 1445 509 cauponas
1494 454 1806 509 οοοιοοιι
1855 452 2596 509 ωοιοοιωηιιαοιισιι
2647 454 3082 509 amomum

780 644 1291 728 ἁρχιεπισκόπου
1312 640 1707 725 Ἀντιοχείας
1723 642 2062 722 παθόντος
2083 642 2218 709 ὑπὸ
2241 642 2696 725 Νουμεριανοθ
2718 646 2843 709 τοῦ
2867 644 3178 725 ἀσεβοῦς.
3199 675 3286 700 -ι

781 760 913 829 133.
3009 758 3196 844 Sept.
3221 760 3284 826 4.

868 885 944 944 Β.
986 875 1155 963 (rol.
1202 874 1446 960 52-58).
1500 874 1831 954 Διήγησις
1885 875 2110 953 μερικὴ
2159 874 2307 954 περὶ
2364 872 2490 939 τοῦ
2539 874 2900 955 γενομένου
2951 876 3286 957 θαύματος

782 994 965 1075 παρὰ
987 994 1111 1063 τοῦ
1142 990 1551 1058 πανενδόξου
1579 989 1880 1071 Μιχαὴλ
1921 991 2046 1055 τοῦ
2075 987 2602 1071 ἀρχιστρατήγου
2633 987 2705 1054 ἐν
2729 991 2872 1070 ταῖς
2898 988 3178 1072 Χιίιναις.
3199 1021 3286 1046 .-

785 1106 917 1173 Β3.
3009 1104 3194 1189 Sept.
3221 1104 3286 1171 6.

867 1229 939 1289 θ.
988 1220 1153 1305 (Fol.
1180 1220 1457 1307 58-643.)
1497 1218 1882 1300 Μαρτύριον
1922 1220 2062 1283 τῶν
2108 1216 2314 1295 ἁγίων
2357 1217 2462 1283 καὶ
2505 1216 2798 1285 ἐνδόξων
2824 1220 2948 1285 τοῦ
2993 1219 3282 1299 Χριστοῦ

786 1338 1141 1418 μαρτύρων
1168 1336 1579 1412 Εὐδοξίου,
1609 1333 2030 1421 Ῥωμύλου,
2074 1333 2448 1413 Ζήνωνος
2491 1333 2595 1400 καὶ
2634 1333 3066 1414 Μακαρίου.
3094 1334 3285 1402 -B,

3007 1448 3194 1534 Sept.
3221 1448 3287 1516 7.

866 1564 1155 1648 .(Fol.
1179 1564 1297 1630 64*
1294 1564 1439 1631 -67*
1438 1565 1487 1649 ).
1501 1564 1821 1643 Ἀθλησις
1835 1563 1959 1628 τοθ
1982 1562 2172 1641 ἁγίου
2198 1564 2302 1628 καὶ
2323 1562 2598 1630 ἐνδόξου
2621 1563 2956 1644 μάρτυρος
2983 1564 3288 1631 Σώζον-

781 1698 945 1761 τος.
974 1712 1059 1735 =
1085 1679 1219 1747 ΒΞ.
3011 1678 3195 1764 Sept.
3223 1679 3290 1747 7.

865 1802 937 1864 8.
984 1794 1155 1879 (Ful.
1179 1795 1300 1862 67*
1298 1793 1443 1861 ·74·*
1440 1796 1489 1880 ).
1518 1792 1902 1874 Μαρτύριον
1930 1794 2054 1859 τοῦ
2085 1792 2276 1871 ἁγίου
2305 1793 2888 1875 μεγαλομὰρτυρος
2914 1797 3290 1877 Σευηρια-

778 1896 953 1979 νοῦ.
982 1943 1067 1967 ==
1094 1911 1225 1978 ΒΞ.
3003 1897 3191 1996 Sept.
3217 1911 3286 1979 9.

864 2034 937 2097 0.
983 2027 1151 2113 (Pol.
1195 2026 1470 2111 74v-81).
1520 2024 1904 2106 Μαρτύριον
1950 2026 2088 2091 τῶν
2136 2022 2344 2103 ἁγίων
2391 2027 2722 2103 γυναικῶν
2769 2025 3287 2107 Μηνοδώρας,

780 2142 1323 2224 Μητροδώρας
1352 2142 1456 2207 καὶ
1486 2140 2064 2223 Νυμφοδώρας.
2085 2170 2170 2195 ==
2198 2140 2276 2207 B.
2965 2141 3152 2226 Sept.
3184 2144 3287 2211 10.

869 2266 989 2327 10.
1034 2258 1201 2342 (Ful.
1230 2258 1507 2343 81-93v).
1539 2257 1694 2338 Βίος
1720 2256 1825 2322 καί
1851 2257 2148 2331 πολιτεία
2168 2257 2274 2320 καί
2302 2254 2558 2337 ἀγῶνες
2581 2260 2702 2337 τῆς
2729 2256 2926 2337 όσίας
2953 2259 3058 2323 καὶ
3083 2280 3286 2339 μακα-

783 2375 930 2457 ρίας
956 2375 1209 2456 μητρὸς
1229 2375 1416 2457 ἡμῶν
1445 2374 1869 2453 θεοδώρας
1893 2376 2013 2453 τῆς
2041 2371 2113 2438 ἐν
2140 2371 2604 2458 Ἀλεξανδρείᾳ
2634 2404 2717 2426 -
2742 2371 2872 2440 ΒΞ.
2956 2372 3141 2459 Sept.
3176 2376 3280 2443 11.

870 2508 987 2566 11.
1032 2498 1199 2583 (Ful.
1256 2498 1562 2582 93v-97v).
1617 2497 1937 2576 ’Ἀθλησις
1991 2498 2114 2563 τοῦ
2172 2496 2367 2575 ἁγίου
2429 2498 2536 2563 καὶ
2603 2496 2878 2565 ἐνδόξου
2944 2497 3284 2580 μάρτυρος

776 2614 1264 2695 Αὔτονόμου.
1294 2646 1377 2668 -
1404 2612 1481 2681 Β.
2969 2614 3156 2699 Sept.
3183 2615 3284 2681 1Ξ.

867 2738 989 2802 12.
1031 2732 1196 2815 (Fol.
1222 2732 1337 2798 97*
1337 2731 1539 2816 -.106)
1564 2729 1813 2809 Πρᾶξις
1834 2729 1937 2795 καὶ
1957 2729 2293 2809 τελείωσις
2318 2732 2442 2794 τοῦ
2467 2729 2656 2808 ἁγίου
2686 2730 3124 2812 Κορνηλίου
3152 2735 3280 2797 τοῦ

776 2847 1278 2929 ἑκατοντάρχου.
1307 2877 1393 2902 -—-=
1422 2845 1498 2912 Β.
2963 2847 3148 2931 Sept.
3179 2847 3284 2916 13.
3355 2931 3362 2934 -

866 2970 983 3030 13.
1014 2960 1912 3047 (Ροι.106-1-10).Μαρτύριον
1934 2963 2055 3026 τοῦ
2070 2959 2261 3037 ἁγίου
2285 2961 2859 3042 μεγαλομάρτυρος
2881 2963 3280 3042 Νικήταπ

777 3079 853 3148 Β.
2956 3077 3143 3163 Sept.
3174 3080 3280 3146 15.

863 3202 959 3260 14
1026 3193 1192 3278 (Fol.
1226 3152 1547 3279 lio-lm).
1578 3193 1958 3274 Μαρτύριον
1985 3197 2105 3272 τῆς
2133 3192 2322 3272 ἁγίας
2347 3192 2453 3257 καί
2475 3194 2912 3274 πανευφήμου
2937 3195 3276 3275 μάρτυρος

778 3309 1213 3390 Εὐφημίας.
1236 3341 1320 3364 =
1348 3309 1479 3376 ΒΞ.
2964 3309 3147 3393 Sept.
3179 3310 3283 3376 16.

865 3434 981 3493 15.
1027 3425 1192 3511 (Pol.
1240 3424 1563 3509 120-129).
1605 3423 1989 3503 Μαρτύριον
2030 3425 2168 3490 τῶν
2210 3423 2416 3502 ἁγίων
2456 3427 2785 3502 γυναικῶν
2823 3425 3129 3503 Σοφίας
3169 3427 3282 3491 καὶ

776 3545 912 3608 τῶν
958 3541 1339 3620 θυγατέρων
1389 3539 1593 3620 αὐτῆς
1637 3539 2022 3617 Πίστεως,
2073 3537 2428 3640 Ἐλπίδος
2477 3540 2580 3604 καὶ
2637 3539 3004 3620 Ἀγάπης.
3033 3540 3280 3608 -ΒῙ,

2955 3655 3046 3722 Se
3093 3659 3141 3722 t.
3174 3657 3280 3722 17.

866 3778 988 3840 10.
1032 3771 1198 3856 (rol.
1231 3770 1585 3856 129-137v).
1614 3769 1998 3850 Μαρτύριον
2025 3774 2162 3835 τῶν
2205 3771 2412 3848 ἁγίων
2455 3769 2804 3851 μαρτύρων
2829 3676 3274 3852 Τροφιίμου,

775 3889 1208 3969 Σαββατίου
1240 3889 1342 3952 καὶ
1370 3886 2008 3966 Δορυμὲδοντος.
2037 3917 2123 3940 =
2153 3885 2280 3952 ΒΞ.
2965 3887 3148 3972 Sept.
3173 3889 3278 3956 19.

865 4011 983 4069 1¹7.
1027 4003 1191 4087 (Pol.
1214 4001 1601 4086 137v-158v).
1626 4001 2010 4081 Μαρτύριον
2035 4003 2159 4066 τοῦ
2191 3999 2380 4078 ἁγίου
2413 4001 2518 4066 καὶ
2559 4001 2836 4068 ἐνδόξου
2865 4005 3274 4084 μεγαλομάρ-

778 4139 983 4198 τυρος
1040 4116 1475 4183 Εὐσταθίου
1534 4118 1639 4182 καί
1695 4116 2140 4196 Θεοπίστης
2193 4117 2296 4181 καὶ
2351 4119 2488 4182 τῶν
2558 4115 2682 4182 δύο
2744 4118 2994 4184 τέκνων
3048 4117 3274 4186 αὐτῶν

780 4235 1139 4313 Ἀγαπίου
1170 4235 1273 4299 καί
1300 4226 1778 4301 Θεοπίστου.
1801 4263 1886 4287 =
1913 4231 2044 4299 ΒΞ.
2956 4234 3140 4318 Sept.
3168 4235 3275 4302 m.

867 4358 982 4417 18.
1025 4349 1189 4433 (Fol.
1222 4349 1573 4435 158v-162).
1591 4347 1935 4428 Ἀστερίου
1960 4348 2326 4414 ἐπισκόπου
2349 4347 2664 4428 Ἀμασίας
2685 4347 3005 4431 ἐγκώμιον
3037 4350 3132 4429 είς
3149 4351 3272 4416 τὸν

777 4465 967 4545 ἅγιον
994 4464 1431 4544 ἱερομὰρτυρα
1458 4465 1765 4530 Φωκᾶν.
1794 4495 1879 4519 =
1906 4464 1959 4531 Β
1978 4464 2036 4542 1.
2953 4463 3138 4548 Sept.
3163 4466 3272 4532 ΞΞ.

1112 4579 1226 4635 Ine.
1241 4579 1407 4648 Ἱερὸς
1426 4581 1529 4646 μὲν
1552 4579 1646 4634 καί
1664 4579 2017 4645 θεσπέσιος...

867 4689 983 4776 19.
1027 4679 1191 4764 (Ροί.
1226 4678 1544 4763 162-173).
1561 4678 1876 4758 Ἀθλησις
1899 4681 2021 4757 τῆς
2061 4676 2251 4756 ἁγίας
2293 4678 2398 4742 καὶ
2440 4675 2714 4743 ἐνδόξου
2759 4677 2861 4742 καὶ
2904 4679 3266 4745 καλλινίκου

777 4796 1341 4879 πρωτομάρτυρος
1370 4794 1664 4875 Θὲκλης
1687 4797 1808 4873 τῆς
1845 4794 1916 4860 ἐν
1943 4791 2208 4878 Ἰκονίῳ.
2243 4825 2314 4848 =---
2349 4791 2476 4858 133.
2953 4793 3137 4878 Sept.
3163 4795 3268 4863 24.
