3557 5449
782 401 933 475 244
1410 423 1823 477 carnosus
1871 425 2030 476 con.
2081 425 2422 479 momen.
2479 428 2638 481 ur.

948 615 1186 681 Cetera
1212 633 1346 680 non
1372 614 1538 692 dico,
1560 634 1735 698 quae
1762 618 1918 680 sunt
1944 615 2080 680 iam
2108 615 2368 700 cognita
2395 617 2558 684 vico.

950 713 1144 778 Forte
1171 712 1405 778 bibens
1432 713 1659 777 vinum
1684 712 1859 778 calet
1878 713 2098 780 ebrius
2127 717 2282 780 ante
2311 715 2668 795 caminum3

818 827 911 880 π
949 811 1197 877 Plumis
1223 811 1450 877 inflato
1478 811 1828 894 requiescit
1848 817 2039 877 nocte
2065 814 2372 896 grabatoz

948 910 1139 976 Ducit
1161 927 1283 992 pro
1311 927 1551 992 magno
1580 909 1798 974 decies
1827 910 1882 974 si
1903 916 2130 994 surgat
2154 913 2225 976 ,in
2253 931 2457 989 ann03

946 1009 1115 1074 Nam
1145 1027 1489 1074 remanere
1516 1007 1673 1072 foris
1699 1009 1841 1072 vult
1867 1028 2130 1091 semper
2157 1009 2366 1075 noctis
2393 1009 2462 1076 in
2483 1011 2682 1077 horis.

944 1107 1134 1173 Ducit
1162 1106 1511 1172 adulantes
1540 1125 1763 1170 secum
1793 1107 2100 1172 baculum
2123 1107 2513 1185 baiulantes,

941 1205 1067 1283 Qui
1098 1204 1631 1276 velutinflrmum
1662 1208 1816 1270 sunt
1845 1205 2020 1269 docti
2048 1205 2361 1288 plangere
2382 1225 2638 1272 sanum.

812 1319 903 1372 400
947 1311 974 1339 ⁸
1022 1302 1257 1385 Incipit
1282 1302 1462 1368 abba
1488 1303 1655 1368 mori
1708 1352 1759 1380 „,
1793 1301 2018 1368 dicunt
2044 1303 2366 1385 plorando
2395 1305 2630 1388 priori;

948 1406 972 1433 '¹
1024 1399 1114 1465 Ut
1140 1419 1263 1464 nos
1289 1399 1631 1473 confortet,
1660 1399 1843 1463 refici
1869 1398 2044 1482 dape
2072 1401 2286 1465 carnis
2315 1405 2596 1484 oportet.

949 1547 976 1575 ,,
1022 1495 1215 1562 Hanc
1242 1515 1437 1580 prece
1466 1501 1739 1579 cogatur
1765 1516 2172 1575 consumere,
2201 1517 2286 1564 nc
2313 1499 2650 1578 moriatur,

953 1649 980 1677 ,,
1026 1598 1125 1662 Ac
1150 1600 1225 1662 ut
1251 1597 1674 1680 prolongetur
1698 1598 1991 1674 morbus,
2021 1597 2144 1662 sibi
2173 1599 2352 1680 potio
2381 1599 2598 1664 detur.

952 1745 977 1774 ,
1023 1695 1295 1760 Talibus
1323 1699 1483 1777 apta
1510 1693 1701 1759 malis
1732 1695 1894 1759 satis
1923 1699 2028 1760 est
2052 1697 2311 1761 occasio
2339 1695 2508 1762 talis.

816 1810 908 1862 ⁴05
956 1843 982 1870 „
1030 1793 1223 1859 Hunc
1248 1793 1305 1858 si
1332 1791 1707 1875 perdemuS,
1736 1792 2018 1858 similem
2047 1813 2180 1858 non
2208 1793 2632 1860 inveniemus.
2685 1845 2713 1874 ‚

944 1892 1129 1958 Tunc
1156 1892 1337 1974 prior
1362 1891 1677 1956 abbatem
1708 1889 2007 1956 coniurat
2035 1911 2153 1973 per
2180 1892 2495 1974 pietatem

946 1989 1034 2055 Ut
1060 2008 1325 2056 carnem
1358 1989 1681 2065 comedat,
1708 1989 1998 2054 moriens
2028 2009 2112 2054 ne
2142 1989 2309 2054 forte
2337 1991 2620 2055 recedat.

945 2089 1025 2153 Et
1054 2092 1236 2153 tenet
1264 2089 1419 2152 ante
1446 2086 1661 2152 sinum
1692 2086 1960 2169 plenum
1993 2087 2076 2152 de
2105 2106 2301 2152 carne
2330 2088 2638 2155 catinum.

946 2185 1287 2252 Consentit
1314 2184 1607 2262 tandem,
1636 2184 1691 2248 si
1720 2184 1999 2249 mandat
2026 2189 2292 2268 praetor
2319 2185 2635 2262 eandem;

816 2301 907 2352 410
946 2284 1074 2363 Qui
1101 2283 1313 2350 scelus
1341 2301 1487 2349 esse
1515 2287 1728 2364 putat,
1758 2283 1814 2347 si
1843 2283 2050 2365 patris
2073 2283 2258 2366 jussa
2285 2283 2549 2362 refutat,

942 2382 1079 2448 Nec
1108 2402 1229 2466 pro
1258 2381 1579 2447 morsellis
1610 2382 1748 2446 vult
1766 2381 2050 2463 amplius
2079 2401 2224 2447 esse
2251 2381 2530 2447 rebellis.

946 2481 1117 2560 Quid
1145 2482 1293 2564 plus
1324 2479 1605 2545 celarem
1637 2479 1739 2543 vel
1770 2499 1977 2562 quare
2005 2479 2534 2545 dissimularem?

947 2579 1164 2645 Ambo
1193 2579 1471 2644 convicti
1500 2577 1856 2642 comedunt
1885 2578 2066 2642 iussu
2095 2577 2462 2656 Benedicti3

946 2679 1114 2745 Cum
1142 2678 1381 2762 quibus
1412 2676 1667 2741 illorum
1690 2675 1842 2759 gula
1870 2676 2140 2742 sarcitur
2167 2676 2556 2743 baiulorum.

820 2794 911 2845 ⁴15
950 2778 1092 2844 Hoc
1122 2776 1349 2842 famuli
1378 2781 1672 2851 cernunt,
1697 2780 1763 2840 et
1793 2794 1925 2850 eos,
1947 2795 2082 2840 nou
2106 2776 2368 2853 fercula,
2397 2782 2736 2859 spernunt,

946 2877 1029 2942 Et
1057 2880 1329 2958 propter
1354 2893 1669 2950 morsum,
1699 2872 1860 2937 dum
1887 2878 2152 2938 vertunt
2180 2880 2410 2939 mutuo
2439 2876 2726 2952 dorsum,

948 2974 1137 3039 Clam
1158 2973 1406 3038 faciunt
1434 2972 1664 3053 dignos
1692 2971 2000 3053 parasitis
2031 2991 2231 3054 saepe
2261 2972 2628 3037 cachinnos

947 3074 1133 3150 Quae
1160 3070 1452 3135 referunt
1480 3073 1687 3147 extra,
1717 3088 1852 3134 non
1879 3070 2018 3134 vult
2045 3089 2198 3134 mea
2225 3072 2508 3136 scribere
2536 3071 2790 3149 dextra,

945 3169 1045 3235 Ne
1074 3174 1371 3234 nostram
1395 3172 1657 3251 partem
1684 3167 1913 3231 videar
1940 3167 2231 3233 lacerare
2261 3188 2378 3250 per
2399 3174 2646 3245 artem;

821 3286 911 3336 420
950 3269 1032 3334 Et
1052 3269 1201 3333 licet
1222 3267 1486 3332 abbatis
1516 3267 1599 3330 sit
1622 3266 1891 3347 propria
1919 3265 2025 3330 lex
2053 3266 2413 3348 gravitatis,
2527 3300 2534 3307 ·

948 3366 1236 3432 Mulcent
1262 3365 1543 3431 abbates
1570 3365 1898 3429 obscenae
1927 3363 2371 3429 scurrilitates.

953 3465 1059 3530 Sic
1085 3462 1460 3528 abbatissas
1490 3461 1713 3526 dicunt
1742 3480 1825 3525 ex
1853 3466 2044 3543 parte
2071 3462 2410 3540 remissas3

952 3563 1086 3629 Sed
1112 3582 1247 3627 non
1276 3564 1375 3625 est
1400 3564 1698 3625 nostrum
1728 3578 1926 3642 super
1955 3559 2097 3625 illas
2127 3562 2388 3625 mittere
2417 3566 2723 3627 rostrum.

954 3658 1518 3742 Archipresbiteri,
1549 3657 1656 3739 qui
1688 3660 1931 3721 norunt
1960 3659 2098 3722 iure
2128 3656 2396 3735 mederi,

824 3776 915 3827 ⁴25
956 3760 1203 3827 Curent
1228 3755 1661 3825 <c>onditam
1691 3757 1998 3838 ponendo
2029 3757 2431 3838 malagmata
2461 3760 2684 3824 vitam.

956 3858 1081 3922 luis
1108 3855 1279 3921 hanc
1306 3873 1532 3919 curam
1562 3874 1760 3936 super
1789 3854 1960 3917 hanc
1987 3854 2245 3920 dimitto
2275 3856 2584 3937 liguram3

955 3956 1055 4019 Nil
1084 3974 1233 4020 cum
1262 3952 1494 4018 velatis
1520 3953 1723 4017 habet
1752 3952 1917 4016 ordo
1945 3972 2135 4017 meae
2163 3954 2523 4035 gravitatis,

952 4054 1009 4118 T
1010 4055 1147 4118 ales
1174 4050 1435 4135 patroni
1463 4050 1790 4115 debentur
1816 4049 2184 4132 perditioni,

954 4152 1078 4231 Qui
1106 4151 1306 4217 veluti
1335 4151 1502 4215 latro
1531 4148 1807 4231 perient,
1839 4151 2131 4215 fervente
2153 4150 2442 4214 baratro.

825 4268 916 4319 430
956 4252 1207 4317 Horum
1232 4248 1595 4330 neglectam
1625 4246 1804 4311 locus
1833 4251 1936 4310 est
1963 4248 2367 4312 abscondere
2399 4252 2648 4313 sectam

952 4350 1438 4429 Famosumque
1468 4344 1623 4410 boni
1650 4344 1852 4408 finem
1883 4344 2160 4409 recitare
2189 4345 2502 4427 magistri.

852 4590 928 4625 ⁸⁰⁸
961 4589 1075 4642 cod.
1104 4588 1160 4640 in
1195 4600 1379 4639 amno.
1412 4611 1480 4623 —
1504 4584 1579 4619 ⁸⁹⁸
1613 4584 1727 4637 cod.
1756 4582 2103 4636 adhulantcsz.
2127 4612 2191 4620 -—
2213 4583 2290 4618 ⁸⁸⁹
2319 4598 2481 4649 super
2518 4598 2717 4637 sanum
2739 4586 3004 4652 scriptum
3035 4594 3112 4641 αι
3135 4605 3158 4641 .·
3183 4590 3268 4643 vel

788 4673 1031 4727 firmum.
1052 4696 1119 4707 —
1141 4668 1214 4703 ⁸¹⁴¹
1248 4682 1411 4735 super
1444 4680 1609 4733 saepe
1630 4666 1894 4732 scriptum
1917 4670 1992 4717 est
2018 4682 2036 4716 :
2067 4664 2210 4718 inde.
2235 4692 2298 4703 —
2330 4666 2409 4700 ⁴¹⁸
2441 4680 2601 4731 super
2623 4665 2844 4721 mittere
2864 4669 3128 4735 scriplum
3149 4676 3226 4724 etl
3251 4688 3272 4723 .·

788 4754 877 4809 vel
902 4752 1139 4807 tendere.
