3557 5449
421 1854 590 1911 Redi.
617 1856 700 1923 44,
727 1858 772 1911 1.

529 1954 567 2008 r.
590 1956 660 2009 2·.

462 2051 556 2107 1²2.
579 2055 660 2117 95,
676 2054 724 2107 3.

853 348 1000 427 322
1541 374 1826 429 mcom
1874 373 1966 427 ns
2016 374 2207 427 rm
2253 372 2655 428 rann-1¹10
3452 149 3483 435 1

849 567 1075 647 preter
1115 568 1368 629 ceteros
1395 562 1789 642 animantes,
1816 564 2101 633 <reeto>
2114 563 2136 603 ¹
2164 580 2443 647 corpore
2468 582 2549 629 ac
2590 565 2773 629 statu
2796 582 3025 629 sumus
3070 562 3321 639 conditi,

851 666 920 728 et
946 682 1319 729 sermonem
1348 660 1722 745 accepimus
1763 665 1969 745 atque
1995 660 2284 745 linguam
2326 661 2737 744 cogitationis
2778 661 3228 745 interpretem,
3253 666 3319 727 ut

849 760 1270 827 maiestatem
1318 760 1440 827 Dei
1507 778 1911 838 enarremus,
1966 760 2399 843 predicemus,
2450 760 2803 825 efferamus
2828 761 2945 844 (1).
2988 760 3317 845 Siquidem

847 860 1204 925 multorum
1233 853 1568 941 gentilium
1595 857 2012 941 populorum,
2033 856 2405 941 principum
2432 861 2634 941 atque
2661 877 2889 940 regum
2915 857 3119 923 fortia
3140 876 3316 941 gran-
3354 927 3360 932 ,

849 956 1090 1042 diaque
1115 961 1305 1041 gesta
1331 960 1432 1022 tot
1459 960 1930 1039 tantorumque
1968 954 2360 1038 scriptorum
2400 958 2504 1021 tot
2528 955 2865 1039 tantisque
2890 960 3126 1022 extant
3167 956 3315 1021 cele-
3345 976 3373 1029 5

848 1056 1045 1122 brata
1083 1055 1409 1132 laudibus,
1455 1058 1726 1120 tantove
1767 1072 1999 1119 verum
2046 1057 2284 1120 ornata
2324 1053 2695 1137 splendore,
2722 1058 2799 1119 ut
2832 1073 3067 1120 earum
3108 1073 3317 1120 rerum

847 1154 1066 1237 imago
1094 1154 1182 1219 ad
1209 1158 1626 1237 posterorum
1647 1152 1960 1217 transiret
1980 1152 2369 1218 memoriam
2389 1152 2701 1236 nullaque
2720 1158 3097 1235 temporum
3126 1152 3317 1236 longi·

847 1252 1075 1319 tudine
1129 1254 1357 1335 posset
1397 1250 1674 1326 aboleri3
1718 1254 1971 1334 quanto
2010 1250 2245 1317 maiori
2284 1250 2503 1316 studio
2552 1254 2621 1317 et
2667 1250 2999 1333 diligentia
3028 1250 3318 1334 preclara

849 1350 1107 1435 egregia
1173 1348 1657 1433 singulariaque
1713 1348 2221 1415 fortissimorum
2290 1348 2532 1415 Christi
2596 1368 2935 1415 servorum
2982 1354 3193 1433 gesta·
3252 1354 3318 1414 ut

845 1448 1138 1524 habeant
1167 1453 1234 1514 et
1260 1452 1604 1531 presentes
1631 1450 1700 1512 et
1725 1446 1977 1530 posteri
2004 1446 2343 1531 exemplar
2364 1450 2433 1513 et
2468 1448 2967 1513 incitamentum
2988 1448 3317 1531 quoddam
3344 1464 3396 1518 1⁰

785 1523 792 1531 ’
845 1547 934 1613 ad
963 1548 1132 1612 bene
1159 1546 1490 1631 beateque
1529 1545 1907 1623 vivendum,
1938 1566 1979 1611 a
2005 1546 2199 1611 nobis
2226 1550 2381 1611 sunt
2408 1546 2639 1611 litteris
2660 1546 3047 1613 mandanda
3073 1566 3316 1613 memo-

843 1646 958 1723 rie,
989 1645 1102 1729 qui
1129 1643 1372 1711 Christi
1405 1644 1882 1729 pretiosissimo
1910 1644 2227 1727 sanguine
2254 1644 2369 1709 red
2377 1644 2583 1728 empti
2596 1638 2637 1683 ¹
2664 1643 3003 1710 christiani
3040 1646 3315 1711 nominis

844 1742 1340 1828 incomparabili
1374 1746 1752 1828 prestamus
1794 1742 2349 1826 splendemusque
2384 1742 2721 1825 dignitate,
2758 1744 3167 1811 admonente
3204 1763 3316 1811 nos

845 1842 1066 1908 divino
1114 1842 1370 1926 eloquio
1419 1847 1495 1906 ut
1521 1839 1869 1906 laudemus
1916 1840 2092 1907 viros
2134 1840 2451 1923 gloriosos
2492 1846 2559 1906 et
2598 1845 2909 1924 parentes
2950 1846 3217 1910 nostros
3255 1844 3317 1909 in

842 1940 1262 2025 generatione
1311 1960 1434 2006 sua
1446 1940 1494 2017 ⁸,
1523 1942 1596 2005 ut
1647 1940 2001 2005 efferamus
2062 1942 2075 2021 Ι
2141 1938 2353 2005 Deum
2402 1942 2701 2005 nostrum
2728 1940 2797 2005 in
2824 1942 3074 2007 sanctis
3118 1944 3315 2008 servis
3346 1954 3395 2006 15
3489 1938 3490 1959 ³

842 2040 998 2115 suis,
1025 2044 1102 2105 ut
1127 2040 1299 2104 inter
1324 2040 1554 2122 gentes
1581 2037 1858 2120 gloriam
1886 2038 2027 2103 eius
2054 2037 2520 2103 annuntiemus
2554 2043 2757 2122 atque
2782 2038 3035 2105 cunctis
3060 2042 3315 2124 populis

841 2137 980 2204 eius
1019 2137 1348 2211 mirabilia
1396 2136 1834 2220 predicemus.
1878 2135 2069 2215 Quod
2112 2136 2169 2201 si
2198 2134 2319 2201 Dei
2366 2134 2599 2202 laudes
2626 2138 2945 2216 canimuS,
2972 2157 3125 2203 cum
3166 2158 3317 2205 suos

839 2240 1104 2303 sanctos
1137 2236 1350 2319 dignis
1376 2234 1700 2319 preconiis
1742 2234 2221 2318 prosequimur,
2270 2234 2641 2301 laudandus
2690 2238 2866 2301 certe
2908 2240 3013 2302 est
3047 2256 3093 2301 a
3129 2238 3319 2303 nobis

837 2336 1155 2419 gloriosus
1199 2352 1442 2418 parens
1469 2337 1694 2398 noster
1721 2332 2001 2398 Ioannes
2045 2331 2129 2398 de
2172 2330 2585 2416 CapistranO,
2612 2336 2813 2417 atque
2850 2335 2992 2399 eius
3019 2336 3319 2418 preclara

837 2434 1013 2500 facta
1035 2432 1406 2498 litterarum
1448 2430 1914 2508 monumentis,
1949 2450 2035 2497 ne
2064 2450 2294 2497 eorum
2316 2431 2708 2498 memoriam
2736 2432 3039 2515 deperire
3062 2436 3321 2515 contin-
3350 2445 3409 2496 ω

834 2536 966 2615 gat,
995 2551 1259 2597 summa
1278 2529 1692 2596 accuratione
1721 2528 2137 2607 celebranda,
2168 2529 2700 2613 quandoquidem
2726 2568 2809 2578 —
2828 2550 2997 2613 pace
3022 2534 3321 2599 omnium

834 2629 1115 2697 dixe'rim
1141 2668 1224 2679 —
1263 2648 1460 2697 nemo
1491 2628 1725 2706 verius,
1754 2647 1951 2694 nemo
1978 2628 2241 2707 rectiuS,
2268 2647 2466 2694 nemo
2506 2629 2739 2694 iustius
2764 2648 2985 2713 neque
3024 2633 3321 2698 curnula-

833 2728 963 2795 tius
989 2729 1118 2795 hac
1141 2733 1371 2796 nostra
1395 2731 1793 2811 tempestate
1836 2746 1915 2793 eo
1944 2727 2071 2793 sibi
2097 2728 2543 2794 vendicaverit
2582 2747 2826 2794 nomen
2862 2731 3318 2798 sanctimonie.

833 2828 978 2907 Quo
1005 2828 1082 2893 fit
1109 2832 1184 2894 ut
1219 2827 1330 2910 qui
1365 2826 1504 2892 eius
1545 2825 2088 2909 peregrinationis
2116 2845 2235 2892 sex
2263 2846 2473 2892 annos
2502 2845 2721 2892 comes
2757 2827 3133 2895 individuus
3160 2830 3257 2896 fui
3270 2833 3317 2910 ⁴,

833 2929 946 3012 qui
973 2945 1199 2992 secum
1223 2925 1500 3002 Italiam,
1529 2925 1642 3008 qui
1675 2943 1899 2990 secum
1926 2924 2365 3002 Alamaniam,
2389 2926 2500 3008 qui
2521 2945 2745 3010 secum
2762 2926 3171 3010 Bohemiam,
3204 2933 3321 3014 qui
3351 2944 3411 2996 δ

833 3045 1056 3092 secum
1111 3023 1452 3090 Poloniam
1500 3023 1868 3106 peragravi,
1904 3023 2313 3109 ,conscientia
2366 3024 2437 3090 in
2482 3025 2713 3106 primis
2764 3026 3165 3105 stimulante,
3212 3030 3319 3094 cui

833 3125 1156 3190 contraire
1210 3122 1370 3210 nulli
1419 3121 1519 3187 fas
1561 3125 1682 3199 est,
1730 3126 1799 3188 et
1838 3113 2196 3188 multorum
2237 3141 2435 3205 prece
2476 3123 2851 3202 accedente,
2894 3125 3136 3208 quibus
3176 3145 3319 3193 non

831 3223 1294 3305 obtemperare
1321 3218 1596 3302 impium
1625 3221 1746 3298 est,
1767 3238 1965 3302 cogar
1995 3220 2134 3285 eius
2176 3215 2658 3286 sanctissimam
2686 3222 2912 3298 vitam,
2940 3241 3097 3289 suos
3128 3243 3321 3306 egre·

831 3321 971 3404 gios
1011 3339 1230 3386 mores
1260 3337 1545 3402 suosque
1574 3317 2035 3402 memorabiles
2064 3322 2251 3383 actus
2300 3319 2729 3397 conscribere,
2779 3324 2856 3385 ut
2885 3321 3136 3388 habeat
3166 3327 3317 3390 etas

827 3415 951 3484 hec
977 3422 1207 3484 nostra
1232 3417 1409 3482 unde
1450 3416 1688 3481 merito
1733 3411 1923 3481 letari
1958 3415 2349 3500 gloriarIque
2392 3419 2619 3500 possit,
2666 3437 2797 3501 que
2834 3423 3025 3484 tanto
3064 3424 3315 3488 meruit
3348 3441 3405 3493 ω

829 3517 1126 3584 decorari
1152 3516 1313 3592 viro,
1343 3518 1410 3580 et
1429 3533 1550 3580 nos
1585 3533 1858 3580 suarum
1878 3533 2101 3579 rerum
2126 3518 2306 3580 recte
2325 3515 2729 3600 mirificeque
2748 3517 3074 3583 factarum
3096 3519 3319 3585 admi-

827 3616 1082 3681 ratione
1109 3614 1493 3698 premioque
1515 3612 1746 3691 allecti,
1763 3613 2111 3678 confi-actis
2138 3613 2331 3678 huius
2350 3613 2633 3680 labentis
2654 3615 2854 3680 seculi
2878 3616 3317 3700 vinculis-,per

828 3714 962 3779 vite
1015 3711 1409 3780 munditiam
1457 3711 1899 3794 integritatem
1948 3713 2015 3776 et
2070 3711 2531 3792 innocentiam,
2588 3731 2791 3795 quam
2848 3718 3117 3780 secutus
3186 3723 3315 3796 est,

827 3831 1068 3894 magno
1089 3812 1394 3894 celsoque
1421 3809 1644 3874 animo
1670 3809 2026 3875 tendamus
2054 3810 2123 3874 in
2149 3809 2381 3876 celum.
2407 3809 2545 3894 Ego
2572 3811 2841 3893 quidem
2866 3811 3029 3878 nihil
3054 3813 3315 3898 fictum,

825 3909 984 3976 nihil
1033 3911 1354 3975 incertum
1381 3907 1673 3990 nihilque
1700 3906 1995 3986 dubium,
2024 3907 2143 3973 sed
2170 3911 2431 3973 tantum
2458 3927 2591 3992 que
2614 3909 2817 3976 oculis
2846 3909 2989 3994 ipse
3016 3911 3173 3991 vidi,
3202 3913 3315 3978 vel
3346 3929 3399 3982 5

826 4009 912 4075 ab
941 4027 1020 4100 eo
1051 4011 1278 4074 sancto
1307 4007 1446 4072 viro
1475 4005 1715 4082 audivi,
1743 4005 1848 4080 vel
1874 4008 1962 4073 ab
2011 4006 2155 4072 aliis
2202 4005 2332 4071 fide
2374 3997 2593 4090 dignis
2640 4009 2882 4091 accepi,
2924 4009 3039 4092 qui
3074 4029 3315 4076 secum

825 4106 1193 4174 conversati
1237 4108 1408 4182 sunt,
1437 4104 1827 4182 describam,
1870 4105 2081 4170 sciens
2113 4105 2288 4170 hunc
2326 4104 2645 4171 illustrem
2668 4107 2885 4172 virum
2910 4111 3143 4172 nostro
3170 4128 3313 4175 non

823 4205 1111 4287 indigere
1137 4203 1493 4280 mendatiO,
1523 4201 1634 4285 qui
1661 4202 1841 4266 orbis
1866 4202 2373 4286 locupletissimo
2398 4203 2641 4270 letatur
2668 4205 3063 4270 testimonio.
3090 4205 3313 4272 Latis-

823 4303 1028 4367 simus
1055 4305 1231 4368 certe
1261 4301 1349 4367 ad
1377 4300 1728 4366 dicendum
1755 4305 1857 4365 est
1884 4320 2184 4384 campus;
2214 4300 2333 4366 sed
2358 4301 2539 4368 nulla
2566 4301 2672 4366 vel
2698 4301 3059 4383 admodum
3086 4323 3313 4387 parva

890 4469 912 4503 ¹
934 4469 1016 4523 ita
1041 4466 1394 4532 Lacunam,-
1411 4481 1518 4520 om.
1544 4467 1590 4530 1,
1613 4467 1662 4522 Ω.
1680 4495 1744 4505 -
1775 4466 1801 4501 ⁸
1822 4465 2033 4521 redenti
2053 4467 2163 4532 1,2.
2186 4495 2251 4506 —
2274 4447 2758 4534 *genmtionihus
2778 4466 2960 4522 suisss.
2980 4493 3049 4506 —
3069 4467 3228 4530 δοκι,
3258 4469 3307 4521 1.

751 4653 756 4660 -
889 4625 961 4686 (l)
993 4623 1336 4686 metamus,
1363 4619 1525 4676 Liber
1541 4623 1604 4676 dc
1623 4623 1714 4677 ira
1737 4620 1854 4690 Dei,
1876 4637 1921 4676 c.
1939 4638 2033 4678 xxv
2056 4621 2241 4687 ‹P.L.,
2264 4625 2300 4676 t.
2320 4621 2435 4686 vn,
2453 4623 2558 4677 col.
2578 4623 2711 4686 m).
2726 4621 2861 4677 Inde
2882 4622 3121 4690 sumpsit
3134 4621 3307 4677 Nico-

820 4705 960 4770 laus,
969 4703 1188 4759 omissis
1209 4704 1506 4759 mutatisve
1522 4703 1732 4772 aliquot
1747 4704 1943 4770 verbis,
1960 4708 2137 4759 totam
2154 4697 2302 4759 hanc
2318 4703 2824 4769 sententiamGVam
2836 4743 2951 4760 .....
2962 4703 3299 4772 effer-amu).
