3557 5449
628 446 814 499 8181..
866 446 1071 499 ross.
1118 447 1679 503 sucronensis.
1719 467 1819 483 --
1870 448 2221 503 sermm
2270 450 2346 505 n.
2572 430 2719 529 249

409 630 620 696 Tutus
645 632 822 697 enim
841 650 1038 697 nemo
1065 632 1189 697 fuit
1215 652 1513 717 unquam
1531 634 1665 700 fine
1689 654 2003 719 supremo
2032 673 2117 685 —

491 728 592 793 Eu
624 777 676 806 ,,
697 729 810 803 ait,
843 736 870 764 ⁸
907 749 950 794 o
979 729 1234 807 fratres,
1255 732 1342 795 ad
1361 736 1622 797 nostros
1649 733 1919 798 ambulo
1940 739 2196 817 patres3

299 840 370 891 85
415 874 442 903 ,
487 824 624 891 Nec
650 826 818 902 volo,
838 846 962 893 nec
988 827 1178 892 valeo
1197 828 1346 911 plus
1373 830 1604 895 mortis
1625 850 1827 896 ovare
1848 832 2158 915 trophe03

421 973 448 1000 ,,
491 922 626 988 Nec
651 924 819 999 volo,
841 943 964 989 nec
983 944 1256 1007 possum
1277 945 1690 993 communem
1715 929 2009 1011 linquere
2032 949 2347 1007 morsum,

377 1028 384 1034 '
415 1068 446 1097 ‚
491 1020 620 1085 Pro
641 1040 752 1087 me
779 1022 1134 1089 damnatus
1155 1042 1352 1106 quem
1377 1026 1660 1107 sumpsit
1685 1026 1933 1110 virgine
1950 1032 2180 1093 natus.

418 1166 447 1195 .
491 1118 698 1184 Sexto
724 1138 966 1203 nempe
985 1120 1094 1185 die
1114 1140 1222 1185 me
1244 1122 1442 1187 Filius
1465 1122 1606 1205 ipse
1625 1124 1875 1190 Mariae

418 1265 447 1293 ‚
491 1214 650 1280 Inde
669 1234 1082 1281 recessurum
1112 1218 1367 1282 monuit
1385 1234 1739 1301 secumque
1761 1221 2077 1287 futurum.

302 1326 371 1376 9⁰
418 1362 447 1391 ,
491 1311 674 1378 Haec
693 1314 870 1378 venit
899 1316 1156 1397 absque
1175 1334 1381 1391 mora,
1405 1336 1607 1398 quam
1628 1317 1828 1382 iudex
1852 1320 2132 1396 nuntiat,
2154 1320 2355 1398 hora;

413 1458 442 1486 ‚
489 1408 742 1475 Fallere
757 1428 882 1476 nec
900 1412 1162 1494 poterit,
1185 1413 1298 1495 qui
1319 1432 1440 1477 nos
1463 1414 1530 1479 in
1557 1415 1787 1493 funere
1808 1417 2086 1500 quaerit.

386 1555 446 1584 ,-,,
459 1543 473 1551 .
490 1506 927 1590 Quapropter,
947 1510 1107 1585 nati,
1133 1528 1390 1574 mecum
1411 1511 1678 1592 vigilare
1696 1514 1933 1595 parati,

415 1652 444 1680 ,
491 1604 774 1670 Exorate
793 1606 1041 1671 bonum
1068 1626 1190 1689 pro
1209 1612 1430 1673 vestro
1457 1613 1650 1690 patre
1667 1614 2042 1692 patronum,

421 1750 448 1779 ,
495 1700 576 1765 Et
601 1701 836 1785 siquid
862 1707 1114 1785 potero,
1137 1724 1269 1785 quo
1297 1723 1470 1770 nunc
1496 1708 1935 1773 conscendere
1963 1728 2179 1790 spero,

307 1813 372 1863 π
421 1848 450 1877 ,
492 1798 584 1863 Ut
601 1798 780 1865 Deus
799 1804 902 1865 est
927 1802 1137 1879 testiS‚
1159 1802 1244 1866 de
1274 1822 1378 1868 me
1406 1822 1690 1915 sperare·
1697 1806 1993 1886 potestis.

421 1946 448 1975 ,
491 1894 642 1961 Non
661 1896 1008 1963 obliviscar
1035 1903 1362 1975 natorum,
1383 1900 1502 1965 sed
1527 1901 1929 1979 reminiscar,

421 1992 674 2071 ¹,Quos
693 2014 815 2076 ego
841 1994 1080 2061 lactavi
1105 1996 1456 2062 verborum
1483 1998 1652 2062 lacte
1671 2000 1878 2063 suavi.
1929 2049 1957 2078 ,

411 2089 532 2161 His
561 2092 977 2173 consignatis,
998 2092 1084 2158 de
1103 2092 1461 2159 visceribus
1481 2096 1746 2177 pietatis

410 2186 588 2253 Inter
604 2187 922 2253 adoratus
949 2208 1072 2272 pro
1093 2189 1402 2255 flentibus
1429 2194 1532 2256 est
1551 2191 1951 2269 lacrimatus»,

280 2298 374 2350 100
415 2284 901 2350 Commendans
921 2285 1202 2365 Domino
1221 2287 1486 2353 timidos
1505 2306 1628 2369 pro
1655 2289 1855 2353 dente
1872 2290 2117 2372 lupino.

409 2380 569 2446 Inde
589 2384 1019 2448 sacramentis
1040 2384 1248 2448 reficit
1267 2384 1653 2466 praecordia
1671 2386 1932 2460 mentis,

415 2481 636 2561 Atque
655 2479 763 2544 die
791 2478 985 2555 dicto,
1005 2481 1431 2545 tenebrarum
1451 2481 1744 2563 principe
1765 2482 1955 2557 victo,

410 2577 630 2657 Pergit
649 2596 1060 2642 summorum
1085 2578 1264 2642 cives
1287 2596 1528 2659 augere
1547 2579 1849 2661 polorum

407 2672 756 2740 Dimittens
776 2678 1014 2753 terrae,
1037 2694 1238 2758 quam
1259 2694 1392 2740 non
1412 2676 1626 2759 potuit
1645 2676 1846 2742 modo
1866 2676 2056 2755 ferre,

279 2787 374 2840 ιω
413 2770 646 2838 Carnis
661 2775 979 2838 naturam
1003 2792 1231 2839 secum
1251 2775 1650 2856 quandoque
1677 2774 1987 2840 suturam.

405 2958 734 3040 Tempore
759 2963 1138 3026 sanctarum
1165 2961 1344 3044 quod
1365 2961 1634 3042 contigit
1661 2962 2110 3044 exequiarum,

407 3055 752 3138 Materiam
773 3058 1046 3123 decorat
1065 3059 1391 3140 funusque
1410 3059 1710 3123 recenter
1727 3060 2030 3124 honorat.

408 3155 578 3219 Nam
598 3155 856 3237 scriptis
877 3157 1172 3220 referunt
1191 3157 1304 3239 qui
1331 3175 1570 3238 corpus
1591 3161 2102 3238 composuerunt

408 3251 602 3328 Quod
621 3256 852 3318 contra
871 3271 1123 3318 morem
1147 3272 1302 3318 caro
1321 3257 1583 3318 mortua
1603 3255 1848 3336 sparsit
1876 3253 2169 3330 odorem,

277 3361 376 3415 no
415 3348 543 3426 Qui
565 3349 752 3431 quasi
771 3349 1182 3432 pigmentum
1201 3369 1400 3416 nares
1419 3355 1750 3416 recrearet
1769 3351 2063 3416 olentum

327 3447 332 3452 '
407 3445 614 3529 Inque
639 3446 981 3528 sepultura
1001 3452 1345 3530 superaret
1369 3448 1613 3513 olentia
1635 3449 1855 3513 thura.

407 3541 600 3608 Unde
621 3549 842 3625 potest
870 3544 996 3609 dici
1019 3545 1102 3609 de
1123 3546 1336 3610 sancti
1357 3565 1554 3612 carne
1575 3546 1797 3628 pudici

411 3639 604 3718 Quod
623 3641 890 3706 condita
917 3643 1079 3707 satis
1101 3642 1222 3706 ruit
1247 3643 1472 3708 herbis
1492 3643 1903 3724 virginitatis.

411 3738 596 3804 Haec
615 3739 864 3804 etenim
891 3759 1131 3805 munus
1151 3743 1336 3805 tenet
1360 3740 1486 3805 hoc
1511 3745 1665 3822 post
1683 3739 1899 3805 flebile
1926 3739 2147 3816 funus,

283 3849 380 3902 115
419 3833 708 3900 Saevum
727 3855 1099 3903 maerorem
1120 3836 1322 3902 lenire
1343 3837 1590 3902 bonum
1609 3855 1731 3917 per
1748 3836 2043 3902 odorem.
2132 3915 2137 3918 ⁵

414 3931 853 4015 Quapropter,
875 3933 1032 4010 cari,
1054 3934 1300 4017 pudeat
1330 3953 1447 3999 vos
1467 3934 1929 4008 contaminari3

415 4029 697 4112 Propter
715 4030 1136 4097 honestatem
1155 4033 1436 4097 teneatis
1457 4032 1926 4114 virginitatem:

415 4127 606 4205 Quae
624 4127 762 4192 vult
789 4129 1058 4206 servari,
1081 4129 1256 4212 quia,
1275 4149 1428 4195 cum
1453 4130 1664 4212 possit
1685 4129 2002 4211 reparari,

415 4225 490 4290 ln
517 4223 867 4308 splendore
888 4227 1034 4308 pari
1055 4245 1190 4290 non
1209 4226 1394 4291 laesa
1414 4230 1636 4309 potest
1655 4227 1905 4292 iterari.

283 4339 380 4390 ιω
417 4321 694 4390 Constat
715 4323 1043 4388 tantillum
1065 4323 1295 4388 violari
1313 4324 1447 4389 tale
1467 4324 1774 4407 sigillum3

418 4420 529 4485 Ad
548 4420 820 4486 Veneris
839 4424 1072 4502 potum
1092 4421 1294 4486 nolite
1315 4421 1628 4486 reducere
1649 4428 1908 4497 votum3

420 4519 530 4583 Ad
555 4519 810 4584 saniem
829 4521 1072 4584 mentis
1097 4519 1308 4600 vergit
1328 4521 1650 4584 saturatio
1678 4519 1955 4594 ventris;

423 4615 594 4680 Sunt
611 4616 744 4680 duo
764 4615 958 4681 vicini
981 4617 1198 4682 Venus
1220 4621 1289 4682 et
1307 4617 1561 4700 potatio
1583 4617 1744 4690 viniz

327 4703 333 4708 ’
423 4713 604 4790 Quos
625 4713 804 4779 velut
823 4719 1170 4780 aeternum
1193 4715 1404 4779 vitare
1424 4714 1638 4780 velitis
1658 4733 1997 4779 avernum.
