3557 5449
740 352 893 425 440
1356 372 1706 427 macnus
1756 374 1847 427 nn
1897 346 2154 427 smera
2203 374 2628 429 ammonui:

742 580 896 627 eum
934 561 1084 645 plus
1124 562 1294 627 mori
1338 582 1537 647 quam
1578 564 1673 629 sic
1711 562 1964 641 ’τίνει-ες
2009 562 2188 647 quod
2229 567 2298 630 et
2337 563 2478 647 ipse
2505 562 2925 647 peroptabat.
2965 561 3240 629 Infinita

740 659 1225 726 medicamenta
1261 660 1482 744 plures
1523 660 1760 727 famosi
1801 660 2040 727 medici
2080 660 2538 738 adhibuerant,
2583 679 2910 744 expensas
2949 679 3240 743 magnas

740 758 1006 836 fecerat,
1048 759 1423 844 multosque
1462 759 1727 825 labores
1754 778 1876 843 spe
1903 758 2259 825 curationis
2299 763 2440 825 tam
2481 760 2808 826 horrende
2845 758 3240 842 egritudinis

740 856 1164 936 sustinuerat,
1186 876 1307 923 nec
1324 861 1588 942 poterat
1608 858 1976 925 remedium
1996 858 2309 924 invenire.
2329 859 2582 924 Amens
2603 862 2672 924 et
2695 861 2920 925 mente
2939 862 3240 943 conster-

742 959 939 1021 natus
967 956 1123 1040 quid
1154 961 1380 1041 ageret
1399 957 1756 1023 nesciebat.
1775 957 2057 1023 Demum
2085 957 2530 1024 sacratissime
2549 957 2774 1041 regine
2799 956 3239 1041 Radegundis
3271 978 3312 1030 5

744 1054 1106 1137 presidium
1162 1056 1493 1132 invocans,
1548 1055 1727 1121 vovit
1783 1056 2020 1121 devote
2077 1075 2150 1121 se
2207 1055 2570 1133 ecclesiam,
2619 1056 2688 1121 in
2739 1075 2874 1139 qua
2927 1058 3242 1123 sanctum

746 1172 983 1237 corpus
1002 1154 1100 1239 (1)
1120 1154 1414 1237 quiescit,
1441 1154 1708 1220 visitare
1737 1158 1804 1219 et
1833 1154 2048 1221 eidem
2074 1154 2394 1221 honorem
2436 1159 2506 1220 et
2531 1153 2872 1221 servitium
2899 1154 3242 1221 exhibere.

746 1250 865 1318 Set
890 1270 1041 1318 cum
1070 1251 1406 1337 aliquanto
1434 1256 1734 1336 tempore
1764 1252 2059 1319 differret
2084 1252 2445 1337 adimplere
2468 1252 2646 1338 quod
2674 1256 2968 1331 voverat,
2995 1254 3242 1337 eadem

748 1350 1047 1434 egritudo
1086 1352 1261 1435 cepit
1288 1370 1441 1417 eum
1482 1350 1822 1417 molestius
1865 1352 2055 1417 solito
2091 1370 2350 1417 vexare.
2379 1351 2530 1417 ilico
2571 1356 2803 1417 votum
2843 1351 3242 1418 visitationis

748 1449 943 1515 beate
970 1450 1193 1533 regine
1219 1450 1509 1527 reiterat,
1536 1468 1734 1533 opem
1762 1450 2064 1517 sanitatis
2091 1450 2402 1533 postulat,
2431 1450 2556 1517 iter
2595 1449 2859 1535 arripit3
2885 1450 3244 1517 exauditur
3277 1468 3344 1522 ιο

748 1547 889 1613 sine
936 1566 1127 1614 mora
1168 1548 1525 1633 flagitantis
1574 1550 1788 1615 oratio
1829 1568 1872 1614 a
1910 1548 2210 1632 predicta
2249 1548 2497 1632 regina,
2547 1568 2676 1633 que
2730 1549 2956 1615 vivens
3003 1568 3242 1633 preces

684 1684 689 1690 ·
749 1647 1087 1715 consuevit
1127 1646 1479 1714 admittere
1520 1647 1934 1725 afflictorum,
1977 1648 2180 1713 immo
2225 1650 2293 1712 et
2333 1647 2476 1713 sine
2514 1648 2820 1731 precibus
2861 1647 3244 1715 dolentibus

308 2056 515 2177 Ρωὶῗ.
522 2058 703 2178 {12313

310 2253 513 2308 malm.
550 2254 635 2319 m,
655 2254 705 2308 4.

750 1745 1121 1823 condolens,
1142 1744 1401 1812 afflictis
1423 1746 1852 1830 compatiens,
1873 1746 2124 1812 cunctis
2144 1745 2516 1813 misericors
2536 1745 2624 1811 ad
2644 1766 2878 1813 omnes
2897 1747 3247 1829 pandebat

748 1844 1117 1929 largissima
1156 1845 1409 1911 viscera
1450 1844 1762 1911 caritatis.
1805 1844 1949 1911 Hec
1991 1844 2101 1929 pia
2142 1845 2430 1923 domina,
2461 1844 2621 1911 dum
2661 1846 2732 1910 in
2779 1844 2905 1911 hoc
2947 1865 3247 1929 nequam

753 1942 971 2009 seculo
997 1943 1181 2021 vixit,
1223 1942 1435 2026 alege
1464 1942 1583 2009 Dei
1625 1946 1694 2009 et
1734 1962 2107 2027 pauperum
2135 1942 2422 2009 clamore
2449 1944 2634 2010 iuxta
2673 1944 2992 2027 sapientis
3035 1944 3248 2011 consi-
3279 1960 3343 2013 15

752 2042 911 2108 lium
940 2061 1135 2108 aures
1162 2060 1296 2108 non
1325 2041 1581 2107 avertit.
1622 2040 1758 2107 Lex
1803 2041 1925 2106 Dei
1952 2042 2092 2107 eius
2133 2042 2202 2107 in
2244 2041 2443 2107 corde
2483 2041 2709 2125 ipsiuS,
2752 2044 2822 2106 et
2863 2042 2936 2105 in
2976 2060 3062 2107 ea
3103 2040 3248 2106 eius

752 2141 1095 2206 meditatio
1122 2144 1315 2206 nocte
1342 2140 1581 2223 dieque
1612 2138 1751 2205 ruit.
1778 2138 1862 2204 Et
1891 2140 2045 2223 quia
2071 2159 2402 2223 pauperes
2429 2144 2498 2206 et
2525 2140 2806 2205 afflictos
2843 2140 3154 2223 prevenit
3179 2139 3249 2204 in

752 2238 1313 2305 benedictionibus
1340 2237 1816 2321 temporaliter,
1859 2236 2176 2304 Dominus
2214 2238 2518 2322 prevenit
2559 2257 2710 2304 eam
2749 2238 2820 2303 in
2841 2236 3251 2304 benedictio-

752 2324 947 2403 ni‘bus
967 2336 1349 2415 dulcedinis,
1378 2355 1528 2402 cum
1558 2355 1691 2420 quo
1718 2341 2035 2402 coronata
2061 2336 2267 2421 gloria
2287 2338 2626 2403 ethonore
2651 2338 2861 2403 vitam
2887 2336 3250 2403 iocundam

751 2435 1046 2519 possidet
1085 2434 1358 2500 feliciter
1398 2435 1541 2501 sine
1588 2434 1721 2500 fine
1762 2454 2167 2501 mansuram.
2209 2434 2421 2501 Huius
2463 2436 2660 2501 beate
2703 2435 2970 2501 domine
3009 2434 3248 2500 laudes
3281 2458 3346 2513 ῃ)

749 2534 995 2600 referre
1014 2552 1203 2599 mens
1225 2534 1523 2599 humana
1552 2552 1685 2599 non
1706 2534 1966 2611 sufficit,
1993 2553 2226 2600 sensus
2255 2534 2428 2610 ebet,
2455 2533 2680 2617 lingua
2706 2534 2946 2611 deficit,
2975 2533 3248 2617 sapien-

752 2637 891 2699 tum
940 2632 1267 2717 sapientia
1315 2632 1572 2716 desipit,
1630 2636 1700 2697 et
1748 2632 1806 2698 si
1855 2632 2162 2717 cuiquam
2209 2633 2346 2699 vita
2398 2632 2782 2717 temporalis
2835 2635 3247 2717 suppeteret,

748 2732 985 2799 calami
1012 2752 1146 2799 non
1186 2733 1563 2797 sufficerent
1602 2731 1691 2797 ad
1734 2731 2172 2800 scribendum.
2203 2733 2310 2797 Ab
2336 2733 2484 2815 ipsa
2511 2732 2776 2798 veniam
2801 2731 3098 2816 postulet
3127 2732 3248 2816 qui

746 2833 1069 2916 presumit
1095 2849 1301 2897 manu
1339 2831 1705 2914 peceatrice
1748 2829 2103 2915 quicquam
2145 2831 2430 2897 scribere
2471 2850 2589 2897 seu
2637 2849 2754 2896 ore
2801 2849 3114 2914 promere
3157 2830 3244 2896 de

749 2930 975 3013 regina
1022 2934 1163 2995 tam
1206 2929 1371 2994 mire
1414 2934 1480 2995 et
1506 2931 1649 2995 tam
1692 2929 2232 2996 excellentissime
2261 2930 2649 2996 sanctitatis.
2677 2929 2814 2996 Sed
2841 2929 2990 3013 quis
3015 2932 3249 3012 posset
3283 2953 3348 3006 a

750 3032 971 3094 tacere
1000 3028 1113 3112 qui
1140 3027 1411 3094 vidisset
1441 3031 1506 3093 et
1534 3027 1829 3094 audisset
1854 3027 2186 3111 prefatum
2228 3028 2444 3094 virum
2471 3033 2858 3094 narrantem
2885 3028 2955 3093 in
2980 3027 3250 3112 publico

752 3127 914 3192 etin
940 3125 1227 3210 capitulo
1258 3127 1689 3192 acerbitatem
1731 3131 1800 3192 et
1835 3125 2335 3192 diuturnitatem
2375 3127 2559 3210 passi
2599 3127 2836 3204 morbi,
2877 3125 3252 3211 perfectam

750 3225 1153 3292 celeritatem
1196 3225 1437 3308 adepte
1478 3225 1709 3290 salutis
1752 3226 1822 3290 in
1873 3225 2015 3308 ipso
2058 3224 2307 3292 itineris
2347 3225 2553 3302 initio,
2595 3225 2844 3308 gratias
2895 3229 2966 3292 et
3011 3225 3251 3291 laudes

751 3343 919 3408 quas
958 3324 1291 3390 referebat
1324 3323 1433 3406 pie
1482 3323 1884 3390 medicatrici
1925 3327 1993 3388 et
2041 3343 2281 3389 munus
2323 3323 2704 3389 memoriale
2747 3323 2926 3407 quod
2975 3323 3250 3390 ecclesie

748 3427 1069 3508 perpetuo
1127 3423 1503 3489 durandum
1560 3422 1935 3505 impendit?
1991 3421 2066 3486 In
2119 3420 2334 3505 primo
2391 3421 2718 3506 siquidem
2773 3421 3068 3488 adventu
3125 3442 3251 3488 suo
3285 3445 3352 3498 ω

750 3522 963 3588 dictus
1017 3522 1331 3605 magister
1384 3540 1589 3586 unam
1644 3521 2043 3604 lampadem,
2103 3540 2232 3605 que
2287 3539 2512 3587 coram
2560 3521 2910 3604 sepulchro
2963 3520 3249 3604 gloriose

750 3621 1015 3686 domine
1062 3620 1511 3686 indesinenter
1566 3620 1673 3685 die
1726 3623 2056 3703 noctuque
2115 3622 2401 3697 arderet,
2457 3620 2709 3696 statuit,
2767 3623 2837 3685 et
2899 3619 3250 3686 confestim

748 3719 837 3786 ad
864 3717 1219 3786 emendum
1248 3718 1566 3795 reddituS,
1592 3717 1770 3783 unde
1811 3717 2028 3784 oleum
2069 3717 2470 3784 sufficienter
2494 3719 2563 3784 in
2589 3721 2990 3802 perpetuum
3027 3717 3242 3784 babe-

746 3821 950 3896 retur,
990 3817 1259 3900 largiter
1306 3817 1467 3883 solvi
1518 3816 1671 3883 fecit
1710 3817 1828 3900 (2).
1871 3815 2153 3883 Ecclesie
2193 3817 2464 3900 insuper
2511 3817 2840 3882 canonicis
2879 3819 2950 3882 et
2995 3816 3248 3883 clericis

748 3918 947 3984 beate
999 3915 1391 3999 Radegundi
1460 3915 1934 3981 famulantibus
1995 3914 2299 3998 promisit
2357 3914 2717 3980 liberaliter
2783 3915 3248 3998 patrocinium,
3279 3937 3347 3990 z

748 4015 1109 4092 consilium,
1138 4015 1457 4080 auxilium
1480 4019 1547 4080 et
1576 4015 1888 4092 favorem,
1919 4005 2236 4098 quanidiu
2263 4014 2532 4090 viveret,
2561 4031 2684 4096 pro
2717 4013 2962 4079 viribus
2991 4014 3250 4099 impen—

816 4223 891 4285 (1)
924 4219 1003 4274 100
1044 4223 1162 4274 mot
1200 4235 1415 4288 corpus,
1457 4219 1523 4274 ici
1563 4219 1833 4289 employe,
1857 4235 1930 4274 ne
1967 4218 2182 4288 signifle
2219 4235 2322 4289 pas
2353 4219 2622 4286 touioun,
2659 4233 2882 4274 comme
2916 4209 2994 4275 σι’
3031 4220 3160 4286 nit,
3189 4221 3246 4277 le

750 4317 913 4371 corps
934 4301 1109 4357 entier
1130 4302 1261 4356 d'un
1294 4300 1466 4366 saint;
1499 4301 1539 4355 il
1563 4303 1650 4356 est
1682 4306 1920 4356 souvent
1941 4300 2051 4355 mis
2081 4317 2224 4369 pour
2244 4301 2373 4356 n’en
2395 4299 2650 4368 designer
2677 4300 2884 4369 qu’unc
2917 4301 3091 4369 paru·-
3112 4318 3248 4358 nen-

748 4385 977 4439 lement.
1000 4382 1141 4438 Rieu
1177 4383 1318 4437 n'est
1350 4383 1533 4437 moins
1570 4386 1783 4450 prouve
1815 4399 1925 4452 que
1956 4381 2251 4450 mntem-ito
2282 4382 2360 4437 du
2394 4397 2558 4451 corps
2591 4381 2662 4436 de
2695 4381 2780 4436 δ’·
2801 4382 3138 4451 undecunde
3169 4401 3250 4441 ιι

748 4463 899 4520 xm·
930 4465 1112 4519 siecle.
1134 4465 1278 4529 (Act.
1306 4461 1433 4530 SS.,
1464 4465 1601 4531 Aug.
1620 4468 1673 4518 1.
1700 4463 1804 4528 111;
1833 4461 1958 4520 Vna
1989 4463 2051 4520 S.
2077 4462 2448 4530 Radeuundic,
2487 4462 2800 4517 Commeat.
2832 4478 3036 4530 praev..
3057 4461 3096 4532 1
3119 4463 3248 4529 vn,

749 4561 805 4600 n.
824 4547 929 4612 87).
952 4575 1017 4586 -
1039 4547 1113 4610 (2)
1146 4545 1225 4600 [ιο
1247 4545 1509 4601 couvenit-
1528 4545 1599 4599 de
1638 4549 1785 4600 cette
1821 4545 2106 4600 fondation
2130 4560 2201 4599 ne
2223 4560 2284 4601 sc
2323 4550 2578 4600 reti-ouva
2601 4559 2702 4612 pas
2721 4543 2862 4599 dana
2895 4545 2980 4600 les
3015 4546 3246 4600 anci-s

750 4629 899 4683 titi-es
926 4628 1003 4683 du
1034 4627 1285 4696 chapitre
1304 4628 1377 4681 de
1414 4622 1967 4696 sainte-Radegonde
1989 4642 2099 4698 que
2121 4627 2422 4696 possedant
2451 4626 2536 4681 les
2563 4626 2817 4682 archivea
2849 4627 3246 4697 ‹lepti-temen-

752 4709 893 4766 talcs
922 4710 995 4765 dc
1016 4711 1073 4765 la
1092 4709 1321 4764 vienne.
2929 4715 2934 4720 '
