3557 5449
685 468 870 518 mm„
922 467 1125 520 punc.
1174 469 1734 522 uorouasausrs.
1789 491 1884 502 —-
1938 471 2285 522 APPszx
2335 472 2458 523 vu.
2661 453 2798 525 261

339 659 595 722 tantum
616 657 943 722 redundat
965 657 1053 722 ad
1072 657 1365 739 gloriam.
1386 659 1493 725 Sic
1516 661 1900 742 antiquariis
1921 659 2174 726 accidit.
2197 659 2366 724 Dum
2391 660 2564 725 enim
2585 661 2806 743 aliqua

318 758 633 822 .veterum
660 755 749 820 ad
776 756 1193 821 scribendum
1222 749 1455 839 aliquis
1483 759 1757 840 quaerit,
1789 759 1842 822 si
1873 778 2004 822 non
2033 759 2098 821 in
2128 759 2598 840 comportando
2627 760 2802 824 volu-

338 853 515 917 mina
553 854 831 918 lacertos
866 857 1189 928 exerceat,
1218 856 1271 918 si
1314 874 1447 920 non
1476 855 1743 920 viriliter
1784 860 1938 937 agat
1979 857 2416 920 constantiam
2459 858 2804 940 coeptique
2870 903 2877 912 .

336 951 681 1029 tenaciam,
694 953 749 1017 si
770 973 899 1023 non
928 953 1221 1017 studiose
1243 953 1494 1037 vit[t]et
1516 955 1757 1036 inepta,
1781 955 1835 1018 si
1863 973 1994 1019 non
2023 954 2373 1035 profundet
2403 955 2468 1018 in
2499 957 2806 1020 vastitate

266 1059 301 1109 5
336 1047 647 1112 librorum
690 1050 863 1114 acies
904 1050 1257 1125 oculorum,
1288 1050 1653 1114 diutissima
1694 1041 1930 1132 postea
1961 1051 2092 1115 nisi
2135 1051 2559 1116 meditatione
2601 1052 2806 1117 reclu-

339 1145 495 1211 serit
544 1151 849 1229 congesta
902 1148 1249 1230 volumina,
1294 1153 1362 1212 et
1398 1149 1521 1212 nisi
1562 1167 1643 1213 ea
1684 1148 2006 1214 volvendo
2049 1153 2114 1212 et
2157 1150 2502 1231 relegendo
2545 1151 2806 1231 saepius

339 1243 683 1324 agitaverit
723 1248 789 1307 et
816 1263 899 1310 ea
938 1263 1109 1327 quae
1150 1245 1377 1326 gravia
1418 1250 1574 1309 sunt
1600 1237 1934 1309 in'mentis
1962 1247 2356 1326 congesserit
2384 1251 2590 1319 caute,
2620 1247 2722 1310 vel
2751 1246 2807 1310 si

340 1359 470 1404 non
512 1345 843 1431 cartarum
872 1343 1095 1406 thecas
1136 1342 1477 1424 diligenter
1518 1343 1866 1425 inspiciens
1893 1343 2286 1408 abstraxerit
2327 1363 2366 1406 a
2409 1343 2578 1420 veris
2621 1343 2804 1418 falsa,

340 1457 381 1503 a
402 1438 757 1503 mendaciis
783 1441 1157 1520 puritatem,
1187 1440 1517 1522 quomodo
1539 1461 1671 1506 non
1692 1441 1874 1506 utilia
1901 1441 2108 1505 multa
2130 1440 2502 1522 relinquens
2523 1441 2804 1522 posteris

237 1548 303 1599 10
336 1537 581 1601 omissa
603 1537 1067 1619 quaerentibus
1088 1536 1383 1602 laborem
1405 1539 1647 1604 deserit
1668 1542 1735 1603 ct
1756 1539 2082 1615 sudorem,
2099 1543 2297 1620 atque
2319 1540 2486 1604 inter
2507 1538 2804 1603 sudando

339 1638 405 1699 et
428 1635 791 1700 laborando
812 1635 1081 1717 gloriam
1104 1639 1171 1700 et
1200 1635 1487 1702 favorem
1504 1639 1537 1699 ⁴?

420 1733 769 1798 Enimvero
796 1734 1011 1799 taliter
1038 1739 1262 1816 egerat
1290 1734 1571 1799 domnus
1598 1735 1930 1817 AgnelluS,
1959 1735 2069 1818 qui
2093 1739 2158 1799 et
2185 1736 2505 1810 Andreas
2534 1737 2802 1818 presby·

338 1836 443 1896 ter
496 1831 777 1896 cardinis
823 1832 1247 1896 Ravennatis.
1295 1831 1419 1896 Hic
1475 1832 1633 1897 dum
1684 1834 2096 1916 cathalogum
2154 1834 2446 1900 eiusdem
2497 1833 2804 1898 ecclesiae

338 1930 717 2012 praesulum
767 1935 1132 2005 annotaret,
1180 1950 1377 2012 quem
1426 1931 1492 1994 in
1539 1931 1758 1996 multis
1800 1932 2049 1996 obtime
2097 1932 2325 2008 texuit,
2369 1936 2435 1996 et
2477 1932 2542 1996 in
2587 1931 2804 1996 multis

239 2037 305 2090 15
338 2031 607 2094 actuum
648 2047 883 2094 causas
910 2047 1041 2093 non
1068 2029 1239 2093 bene
1265 2033 1683 2109 prosecutum
1714 2030 2121 2111 conscriptae
2147 2029 2448 2094 refellunt
2477 2030 2803 2105 historiae,

339 2127 563 2191 incidit
602 2126 670 2190 in
703 2127 1091 2192 venerabilis
1135 2127 1343 2208 patris
1379 2127 1604 2192 Severi
1647 2127 2052 2192 Ravennatis
2093 2127 2400 2192 antistitis
2443 2132 2683 2193 actum.
2715 2129 2808 2192 De

340 2244 475 2308 quo
501 2225 903 2307 praemissae
932 2225 1241 2290 ecclesiae
1267 2226 1637 2290 necessaria
1666 2225 1854 2308 quasi
1883 2225 2212 2307 negligens
2239 2225 2605 2290 occultavit.
2639 2225 2808 2290 Nam

340 2343 423 2388 ex
461 2321 852 2404 negligentia
891 2323 1049 2386 mihi
1097 2323 1315 2405 potius
1362 2323 1675 2388 accidisse
1721 2323 1981 2386 videtur
2022 2342 2224 2404 quam
2267 2342 2350 2388 ex
2393 2323 2518 2388 alio
2569 2323 2805 2406 aliqu0,

343 2421 653 2504 quoniam
696 2421 961 2502 quidem
1000 2421 1168 2484 bene
1210 2421 1423 2484 extitit
1464 2421 1808 2496 litteratus
1845 2421 2183 2485 benivolus
2227 2427 2294 2486 et
2337 2426 2648 2496 moratus
2689 2422 2807 2486 sed

240 2535 307 2586 zo
342 2519 617 2585 cronicis
641 2538 775 2582 non
804 2520 1125 2594 assiduuS,
1155 2519 1223 2582 in
1247 2519 1391 2595 hoc,
1420 2523 1493 2584 ut
1522 2519 1765 2583 dictum
1797 2523 1915 2594 est,
1944 2519 2310 2596 occultavit,
2346 2520 2500 2602 quia
2528 2521 2806 2584 tacendo

343 2619 616 2690 laxavit;
660 2619 727 2680 in
766 2617 891 2682 hoc
915 2617 1181 2694 laxavit,
1210 2617 1364 2699 quia
1402 2636 1537 2681 non
1565 2617 1990 2699 approbavit;
2033 2617 2180 2682 ideo
2222 2636 2354 2681 non
2396 2617 2804 2699 approbavit,

343 2716 500 2801 quia
547 2715 839 2781 cronicas
880 2735 1013 2780 non
1062 2715 1441 2798 exploravit.
1470 2716 1853 2799 Reliquerat
1894 2716 2067 2780 enim
2110 2721 2373 2798 tempus
2425 2715 2601 2799 quod
2643 2716 2804 2781 scire

340 2815 533 2880 valde
554 2814 991 2879 necessarium
1016 2820 1178 2890 erat,
1199 2815 1323 2879 sub
1345 2815 1581 2897 quibus
1602 2815 1900 2897 patribus
1923 2820 1988 2879 et
2010 2814 2411 2897 principibus
2432 2814 2805 2879 haberetur.

340 2914 575 2980 Omisit
606 2914 661 2977 si
692 2914 759 2977 in
788 2914 1037 2995 synodo
1066 2913 1527 2978 catholicorum
1557 2917 1786 2977 contra
1813 2914 2134 2978 hereticos
2164 2913 2376 2989 fuerit,
2406 2914 2474 2977 in
2503 2932 2634 2995 qua
2655 2931 2804 2978 cum

236 3026 302 3076 25
340 3010 579 3094 quibus
620 3014 687 3075 et
728 3009 1027 3092 qualibus
1076 3014 1143 3073 et
1185 3010 1513 3091 quomodo
1556 3010 1980 3092 promulgatis
2009 3010 2308 3091 capitulis
2350 3009 2805 3099 subscripserit

336 3113 531 3192 pater
555 3110 697 3190 ipse
722 3108 1021 3172 Severus,
1054 3107 1239 3185 Quae
1266 3108 1451 3172 utilia
1478 3112 1850 3172 nostrorum
1879 3109 2462 3189 praedecessorum
2492 3107 2802 3172 scientiae

336 3207 615 3272 multum
658 3210 863 3270 erant.
909 3206 1447 3271 Praetermiserat
1490 3208 1689 3271 etiam
1732 3206 2068 3287 procellas,
2108 3206 2420 3282 turbineS,
2470 3206 2683 3269 minas
2726 3224 2803 3270 ac

336 3308 767 3388 tempestates
796 3309 863 3369 et
900 3304 1207 3384 fragoreS,
1238 3323 1409 3386 quae
1438 3308 1505 3368 et
1530 3304 1671 3386 ipse
1700 3308 1767 3369 et
1795 3305 2160 3385 coepiscopi
2189 3304 2288 3367 sui
2333 3322 2454 3385 pro
2484 3302 2802 3369 catholica

334 3404 469 3469 fide
496 3423 537 3468 a
576 3403 869 3486 principe
892 3403 1069 3484 passi
1113 3407 1285 3466 sunt.
1327 3402 1567 3485 Aliqua
1593 3406 1818 3467 tamen
1858 3402 1940 3466 de
1971 3401 2372 3467 mirabilibus
2415 3402 2574 3475 eiuS,
2603 3406 2800 3483 prout

230 3515 301 3567 ω
334 3503 655 3578 audierat,
680 3504 1063 3584 prosecutus
1091 3505 1213 3565 est.
1240 3500 1395 3565 Mihi
1436 3520 1699 3584 quoque
1726 3520 2012 3582 pennam
2041 3518 2188 3564 cum
2218 3500 2436 3563 multis
2465 3499 2798 3565 laboribus

317 3599 565 3683 'rogato
612 3602 701 3665 ab
747 3600 1069 3683 aliquibus
1112 3600 1407 3674 fratrum,
1450 3603 1523 3663 ut
1567 3600 1731 3664 haec
1771 3600 2198 3681 exquirerem,
2242 3597 2603 3679 dereliquit.
2644 3598 2795 3675 Sed,

334 3702 603 3765 iuvante
644 3698 801 3773 Deo,
829 3716 1207 3781 quanquam
1250 3716 1369 3779 per
1410 3696 1617 3761 multa
1658 3700 1932 3761 vexatus
1975 3700 2040 3761 et
2091 3696 2400 3778 fatigatus
2445 3696 2795 3773 volumina,

335 3817 509 3881 quae
534 3816 655 3879 per
680 3797 873 3879 longa
899 3801 1201 3877 tempora
1236 3797 1474 3860 nostris
1502 3795 1998 3859 occultabantur
2047 3795 2454 3859 diversorum
2481 3814 2796 3878 compage

332 3896 757 3971 voluminum,
786 3896 872 3959 ab
894 3894 1051 3975 ipsis
1077 3894 1362 3959 latibulis
1403 3893 1743 3957 doctorum
1774 3893 2010 3957 educta
2051 3894 2398 3957 enucleans
2437 3893 2794 3975 propalavi.

228 4012 297 4063 35
418 3994 649 4059 Adhuc
698 3993 1127 4057 Constantino
1168 3993 1457 4056 maximo
1497 3992 1865 4073 imperante
1905 3992 2180 4074 orbique
2225 3995 2546 4055 terrarum
2583 3993 2798 4074 singu·

332 4094 557 4157 lariter
596 4091 1030 4173 praesidente.
1058 4095 1293 4172 quater
1331 4090 1711 4156 Constantio
1754 4094 1820 4153 et
1861 4093 1962 4154 ter
2003 4088 2362 4153 Constante
2403 4090 2794 4167 consulibus,

330 4190 507 4254 natis
534 4189 767 4253 eodem
794 4188 1103 4270 principe,
1125 4188 1223 4251 vir
1242 4188 1692 4251 sanctissimus
1712 4186 2120 4251 Marcellinus
2141 4186 2430 4250 decimus
2453 4187 2796 4269 episcopus

332 4290 799 4353 Ravennatum
840 4287 927 4350 ab
969 4287 1093 4349 hac
1132 4286 1275 4349 luce
1316 4286 1689 4350 subtractus
1740 4289 1860 4350 est.
1904 4286 2128 4350 Clerus
2170 4289 2234 4349 et
2277 4285 2556 4366 populus
2601 4286 2756 4349 sites
2774 4288 2796 4325 ¹

330 4386 517 4452 urbis
544 4386 629 4449 ad
658 4390 939 4449 matrem
968 4389 1395 4465 congr‹=gatur
1423 4383 1784 4458 ecclesiam,
1814 4384 2122 4465 quatinus
2149 4387 2420 4464 agerent
2447 4382 2529 4447 de
2560 4383 2798 4448 sublati

227 4502 295 4552 4ο
328 4486 477 4549 loco
502 4483 885 4547 sufficiendo
906 4482 1218 4556 antistite,
1251 4481 1587 4563 Deumque
1608 4481 2016 4546 consulerent
2038 4485 2105 4546 et
2118 4500 2447 4545 summam
2469 4481 2798 4545 electionis

332 4580 775 4662 relinquerent
796 4578 1067 4643 arbitrio
1088 4578 1247 4641 eius,
1262 4577 1431 4641 Dum
1454 4577 1617 4641 haec
1646 4581 2010 4658 agerentur,
2037 4581 2180 4642 erat
2193 4577 2372 4642 domi
2390 4578 2682 4643 residens
2702 4578 2800 4643 vir

402 4788 930 4851 ’mnnnwnmua

2900 4006 2980 4062 Cf.
3004 4006 3174 4061 Bm..

2911 4072 3057 4135 7683,
3075 4075 3108 4139 θ
3123 4076 3172 4126 6.
