3557 5449
927 372 1326 444 Arrmsuiis
1377 390 1426 441 A
1476 361 1831 444 caseorum
1882 391 1973 444 nn
2024 393 2279 447 Tonas
2710 373 2849 446 311
2891 417 2895 420 -

361 576 661 654 homine;
688 576 1000 644 lectulum
1025 596 1370 662 nunquam
1388 579 1664 656 babens,
1689 579 1965 646 lectaria
1990 582 2309 658 nesciens,
2339 582 2407 646 in
2433 582 2662 665 pluma
2686 599 2857 646 nun-

365 695 566 759 quam
589 680 790 759 caput
806 676 1152 756 reclinanS,
1174 677 1293 744 sed
1313 682 1500 744 veste
1521 680 2004 758 tantummode,
2020 699 2153 763 qua
2174 681 2281 745 die
2301 700 2460 746 usus
2483 685 2647 757 erat,
2659 684 2853 745 nocte

363 776 712 839 contentus
741 777 861 851 est,
880 793 1003 857 pro
1033 773 1212 839 molli
1233 776 1256 814 ¹
1274 774 1430 841 lana
1455 775 1708 842 hirsuto
1751 776 1957 842 cilicio
1986 776 2265 842 induens
2278 776 2324 854 ¹,
2352 780 2429 841 ut
2455 777 2625 841 inter
2652 777 2852 843 horas

360 871 620 955 soporis
646 891 782 938 non
802 872 1260 956 essetrequies
1279 875 1571 956 corporis
1600 879 1666 941 et
1689 879 1948 940 mutato
1976 875 2207 940 ordine
2238 875 2453 941 adhuc
2479 879 2634 958 post
2660 894 2854 957 pera-

285 991 324 1043 5
361 972 544 1034 ctum
565 970 742 1036 diem
768 989 926 1036 mox
939 971 968 1010 ⁸
987 971 1370 1038 succederet
1395 973 1464 1037 in
1482 972 1707 1039 labore
1721 974 1771 1041 ⁴.

448 1068 619 1134 Hinc
639 1070 820 1136 fama
836 1073 1233 1160 procurante
1253 1070 1354 1135 vir
1374 1070 1496 1137 Dei
1513 1072 1859 1138 Romanus
1886 1072 2200 1138 diaconus
2222 1091 2301 1138 ac
2322 1073 2668 1156 presbyter
2691 1072 2854 1137 divi-

361 1167 464 1233 nis
494 1168 798 1250 precibus
825 1168 1186 1235 ordinatur.
1203 1169 1542 1248 Quantum
1563 1171 1739 1236 enim
1768 1161 2054 1254 ‘dignitas
2076 1172 2143 1236 in
2165 1191 2237 1236 se
2258 1175 2577 1248 creverat,
2590 1175 2851 1237 tantum

360 1285 434 1330 se
447 1266 802 1333 virtutihus
818 1267 1210 1333 honorabat.
1224 1268 1436 1334 Locus
1449 1287 1624 1347 vero,
1641 1286 1772 1352 quo
1791 1265 2097 1334 babitare
2110 1270 2384 1347 solebat,
2398 1269 2641 1361 florum
2650 1270 2851 1334 odore

363 1362 723 1447 fragrabat,
738 1369 806 1430 et
831 1365 1204 1449 omnesqui
1227 1367 1314 1431 ad
1337 1376 1488 1432 eum
1515 1366 1873 1432 veniebant
1896 1371 2035 1433 tam
2058 1367 2371 1433 doctrinis
2395 1367 2628 1432 divinis
2650 1387 2853 1450 quam

253 1481 323 1534 10
359 1460 556 1528 bonis
588 1463 902 1528 odoribus
941 1463 1174 1548 repleti
1205 1465 1293 1530 ab
1335 1468 1415 1530 eo
1444 1464 1772 1532 exiebant.
1824 1465 2121 1549 Denique
2166 1465 2515 1531 virtutibus
2556 1484 2853 1532 crescen-

361 1560 560 1639 tibus,
590 1562 974 1628 crescebant
1023 1567 1092 1628 et
1134 1563 1473 1629 miracula.
1501 1563 1797 1629 Mantala
1823 1564 1923 1649 (1·)
1950 1564 2243 1648 quadam
2283 1565 2354 1629 in
2395 1563 2545 1629 villa
2586 1564 2853 1629 nomine

363 1659 636 1743 quidam
657 1680 823 1743 puer
842 1681 886 1726 a
905 1666 1212 1744 serpente
1234 1680 1584 1745 percussus
1606 1665 1728 1728 est.
1737 1662 2021 1728 Sanctus
2044 1666 2269 1728 autem
2291 1664 2389 1727 vir
2403 1661 2521 1728 Dei
2542 1662 2850 1729 sacerdos

357 1757 706 1826 Romanus
733 1758 882 1825 illuc
903 1779 1054 1825 cum
1079 1760 1166 1826 de
1195 1760 1488 1842 quadam
1515 1761 1895 1826 obedientia
1913 1763 2260 1839 remearet,
2290 1765 2459 1826 nutu
2484 1760 2605 1826 Dei
2633 1779 2849 1826 acces-

359 1856 466 1922 sit.
507 1858 740 1941 Itaque
782 1857 955 1924 facto
998 1859 1207 1924 crucis
1249 1878 1449 1941 super
1479 1878 1632 1925 eum
1659 1859 2011 1942 signaculo,
2042 1863 2110 1924 et
2145 1859 2274 1924 olei
2315 1859 2557 1925 sacrati
2598 1859 2850 1942 liquore

255 1973 322 2026 15
358 1955 652 2038 perfuso,
678 1961 1100 2040 penetratum
1142 1975 1397 2022 veneno
1439 1957 1555 2024 tali
1595 1957 1851 2024 curavit
1892 1957 2211 2036 antidoto,
2248 1978 2373 2024 nec
2415 1959 2685 2024 morbus
2726 1956 2852 2023 illic

359 2054 748 2137 praevaluit,
761 2055 876 2121 ubi
897 2055 1048 2121 talis
1062 2055 1358 2122 medicus
1377 2060 1714 2140 unguenta
1726 2055 2059 2139 produxit.
2076 2055 2376 2141 Denique
2398 2075 2547 2121 cum
2561 2055 2852 2139 quadam

361 2152 504 2218 vice
547 2154 633 2219 ad
669 2153 1010 2220 ecclesiam
1050 2153 1520 2237 Apostolorum
1561 2154 1736 2220 ultra
1772 2155 2046 2221 fluvitun
2086 2154 2324 2222 Sartae
2371 2157 2459 2221 ad
2484 2155 2851 2221 orationem

359 2254 686 2332 pergeret,
707 2254 776 2316 et
797 2252 884 2318 ad
912 2251 1128 2318 locum
1156 2252 1456 2318 cimiterii
1484 2253 2009 2330 christianorum,
2032 2272 2167 2319 non
2194 2254 2423 2336 procul
2451 2273 2494 2319 a
2514 2252 2857 2336 praedicta

360 2346 834 2430 Apostolorum
875 2350 1149 2416 ecclesia
1175 2350 1303 2429 siti,
1333 2351 1694 2430 adveniret,
1724 2351 1996 2435 quidam
2029 2352 2130 2417 vir
2172 2351 2440 2416 obviam
2479 2351 2749 2418 eivenit
2788 2351 2857 2415 in

253 2463 322 2516 a>
362 2447 605 2513 eodem
630 2447 793 2525 loce,
818 2448 936 2532 ‘qui
958 2448 1151 2531 longo
1179 2452 1479 2534 tempore
1506 2454 1730 2516 mutus
1759 2452 1923 2516 erat.
1952 2449 2165 2529 Quem
2210 2454 2479 2516 sanctus
2510 2449 2854 2515 Romanus

360 2545 742 2629 interrogat,
779 2547 834 2612 si
870 2548 940 2612 in
969 2548 1313 2614 ecclesiam
1353 2548 1602 2614 intrare
1628 2549 1951 2633 potuisset
1972 2559 2006 2627 ς’
2020 2549 2123 2614 cui
2160 2549 2266 2614 ille
2307 2547 2465 2614 nihil
2492 2548 2851 2632 respondit,

359 2644 518 2728 quia
537 2645 751 2711 officio
772 2645 1034 2729 linguae
1052 2647 1353 2731 privatus
1376 2651 1539 2714 erat.
1560 2645 1809 2714 Iterum
1828 2648 2189 2732 interrogat
2212 2667 2384 2726 eum,
2407 2665 2615 2732 quare
2638 2647 2699 2712 ei
2718 2665 2853 2711 non

357 2745 790 2829 responderet
830 2749 948 2811 aut
987 2765 1104 2813 cur
1145 2746 1460 2833 molestus
1503 2750 1708 2826 esset3
1740 2747 1855 2830 qui
1898 2747 2145 2813 faciens
2186 2748 2443 2831 signum
2472 2766 2545 2813 se
2588 2750 2850 2811 mutum

357 2862 506 2911 esse
535 2847 603 2910 et
628 2844 809 2927 loqui
833 2863 969 2910 non
996 2863 1194 2928 posse
1235 2844 1644 2928 significavit.
1671 2845 1886 2924 Quem
1929 2839 2160 2911 statim
2203 2848 2471 2911 sanctus
2506 2845 2849 2911 Romanus

246 2961 318 3015 εὖ
359 2942 864 3025 apprehendens
883 2962 1088 3010 manu
1109 2961 1336 3009 secum
1359 2943 1565 3020 duxit,
1587 2944 1744 3009 etin
1766 2943 2043 3010 ecclesia
2066 2943 2534 3027 Apostolorum
2555 2943 2853 3009 oratione

355 3045 810 3124 peractoeeum
837 3041 1118 3119 sanavit,
1147 3046 1350 3126 atque
1385 3042 1740 3125 pristinum
1765 3042 2027 3125 linguae
2055 3042 2175 3109 Dei
2210 3042 2452 3107 auxilio
2483 3042 2541 3109 ei
2567 3038 2854 3107 restituit

354 3140 666 3206 officium.
694 3140 816 3207 Cui
836 3140 1079 3207 obnixe
1098 3142 1438 3224 praecepit
1458 3145 1535 3207 ut
1559 3142 1805 3208 nemini
1831 3141 1958 3207 boc
1979 3142 2245 3219 diceret,
2280 3141 2397 3206 sed
2428 3140 2567 3205 Deo
2588 3159 2852 3223 semper

353 3238 427 3303 in
453 3239 760 3305 omnibus
785 3240 1034 3320 gratias
1061 3244 1305 3322 ageret.
1334 3238 1548 3305 Huius
1579 3241 1783 3306 etiam
1810 3240 1977 3322 signi
1997 3240 2306 3305 meritum
2335 3239 2695 3305 memoriae
2715 3257 2849 3304 non

355 3336 720 3403 fraudatur.
749 3338 911 3403 Erat
937 3356 1227 3421 namque
1255 3338 1632 3421 praedictus
1657 3341 1929 3405 sanctus
1957 3338 2265 3404 sacerdos
2287 3338 2632 3403 Romanus
2659 3337 2756 3402 ita
2782 3337 2850 3402 in
2908 3357 2915 3364 ·

153 3469 164 3483 ·
241 3452 320 3505 ao
355 3436 780 3503 ecclesiarum
807 3438 1289 3502 restauratione
1318 3437 1420 3502 vel
1463 3436 1532 3501 in
1575 3456 1902 3503 novarum
1947 3436 2405 3503 aedificatione
2432 3436 2847 3513 exercitatus,

352 3538 432 3601 ut
451 3552 792 3618 nunquam
822 3534 883 3600 ei
903 3536 972 3599 in
989 3536 1092 3601 his
1115 3536 1278 3601 satis
1301 3535 1679 3601 elaborasse
1701 3536 2054 3613 sufficeret,
2077 3536 2239 3601 dum
2260 3552 2445 3599 more
2469 3537 2849 3600 sanctorum

351 3633 926 3715 recuperationem
979 3638 1408 3712 construeret,
1466 3632 1760 3700 culturae
1814 3634 2171 3700 utilitatem
2228 3634 2627 3717 disponeret,
2683 3652 2845 3716 pau·

351 3750 592 3815 perum
619 3730 1258 3798 administrationem
1287 3732 1428 3798 sine
1462 3751 1652 3798 mora
1693 3732 2082 3799 mirabiliter
2121 3736 2525 3815 procuraret,
2553 3735 2630 3797 ut
2672 3734 2847 3797 esset

353 3828 425 3894 in
451 3829 720 3912 singulis
747 3830 1064 3897 mirabilis
1092 3834 1160 3895 et
1202 3829 1271 3895 in
1297 3831 1604 3897 omnibus
1646 3830 2011 3913 singularis.
2047 3830 2246 3896 Cuius
2276 3831 2565 3896 adventu
2593 3829 2844 3895 Caeno-

121 3904 128 3908 ’
241 3944 318 3996 5
351 3928 617 3993 mannis
655 3927 979 3993 immundi
1020 3928 1288 4010 spiritus
1330 3929 1414 3994 de
1455 3928 1744 3993 obsessis
1788 3929 2171 4012 corporibus
2200 3928 2267 3993 in
2298 3928 2519 4010 fugam
2548 3928 2845 3994 conversi

353 4030 530 4104 sunt,
559 4027 938 4109 pariterque
967 4026 1080 4110 qui
1113 4025 1458 4109 frigoribus
1486 4026 1967 4110 torquebantur
2008 4045 2051 4092 a
2094 4026 2531 4092 daemonibus
2571 4026 2841 4103 obsessi,

353 4143 517 4190 mox
541 4128 618 4189 ut
643 4124 1018 4207 praedictus
1059 4127 1328 4191 sanctus
1357 4123 1477 4190 Dei
1517 4124 1644 4189 illic
1683 4124 1969 4201 advenit,
1999 4124 2357 4191 incolumes
2387 4124 2553 4191 effici
2590 4144 2842 4191 merue-

352 4227 532 4291 runt.
559 4223 810 4289 Deinde
838 4220 1120 4290 veniens
1137 4224 1206 4288 in
1231 4242 1476 4307 pagum
1499 4222 2048 4307 Andegavensem
2074 4222 2143 4287 in
2171 4223 2315 4289 vieo
2344 4223 2525 4288 cuius
2555 4223 2841 4289 vocabu·

349 4502 382 4537 ⁴
406 4420 780 4557 “²⁸0an
798 4417 867 4474 Β.
889 4448 953 4459 -
970 4420 996 4454 ⁸
1016 4419 1344 4475 induebatur
1360 4418 1429 4475 B.
1451 4446 1518 4461 —
1533 4420 1560 4456 ⁸
1579 4420 1656 4476 sic
1674 4420 1720 4475 A
1743 4424 1796 4474 σε
1817 4417 1870 4474 Β
1890 4436 1909 4485 ,·
1936 4419 2075 4488 sorte
2095 4418 2477 4487 corripendum
2494 4422 2571 4473 ent
2590 4435 2611 4472 .-
2628 4434 2758 4473 nox.
2774 4446 2842 4458 -

443 4518 496 4557 w
790 4540 804 4555 .

419 4707 499 4771 (1)
532 4707 614 4763 La
633 4707 778 4769 Mne,
793 4706 1056 4764 domnine
1070 4709 1140 4764 de
1155 4708 1366 4777 l’eglise
1387 4708 1464 4765 du
1485 4706 1668 4776 Ιίιιιις
1692 4708 1760 4763 ct.
1778 4708 1998 4775 Cannu,
2018 4723 2106 4775 op.
2127 4709 2245 4774 cit„
2262 4722 2317 4777 p.
2338 4706 2456 4762 395.
