3557 5449
773 373 923 447 278
1387 393 1869 447 com-nonas
1917 394 2012 446 An
2062 395 2163 448 SS.
2216 393 2659 449 Ληουεῖ-ωσι

771 583 858 647 43
883 584 1262 650 extinctam.
1345 585 1428 648 44
1455 585 1748 652 animam
1774 588 2091 652 nostram.
2176 586 2260 650 46
2285 586 2355 651 in
2386 588 2595 673 terra]
2624 587 2818 655 intra.
2904 590 3269 659 conlidunt.

771 681 1068 749 traendo.
1151 685 1240 748 47
1256 684 1594 751 tundendo
1615 687 1887 767 pectora
1906 687 2001 750 ut.
2082 685 2517 770 poenitentia]
2530 687 2953 755 abstinentia.
3035 691 3124 754 49
3138 691 3273 758 fra-

771 783 908 846 tres
935 781 1280 848 karissimi.
1361 801 1484 848 nos
1507 785 1776 848 nostrae
1804 782 2085 848 animae.
2168 783 2258 847 52
2281 783 2459 866 quod
2480 819 2509 834 -
2528 786 2880 870 miscitare]
2908 807 3111 872 quem
3130 807 3269 855 non

771 881 1104 962 possimus
1131 881 1468 946 suscitare.
1551 882 1636 945 54
1661 881 2033 964 plangimus
2059 880 2242 946 deest.
2324 883 2413 946 55
2438 886 2773 950 mortuam
2807 885 2993 951 deest.
3080 887 3271 969 plan-

771 996 1026 1060 gamus
1107 981 1457 1062 possimus,
1541 979 1627 1043 56
1667 999 1789 1063 per
1831 979 2307 1062 poenitentiam
2344 980 2531 1046 deest.
2612 982 2701 1045 60
2738 983 2811 1048 id
2854 987 2957 1050 est
2978 1019 3007 1032 ·
3027 1003 3269 1067 corpus

771 1075 954 1141 deest.
1065 1079 1166 1142 61‘
1210 1078 1553 1144 dominam
1615 1077 1903 1161 diligere.
2014 1078 2101 1141 65
2158 1081 2388 1144 nostra
2451 1078 2695 1145 anima.
2804 1082 2891 1146 66
2953 1081 3271 1160 elevamr,

773 1194 1000 1240 ecorr.
1037 1197 1115 1240 m.
1203 1175 1827 1242 68etfidelisdeest.

856 1273 1038 1354 1949,
1067 1274 1176 1338 lin.
1222 1277 1266 1337 5
1303 1275 1617 1352 serviunt,
1657 1273 2017 1340 servientes
2063 1296 2147 1339 m.
2256 1275 2302 1338 8
2342 1278 2411 1341 et
2450 1275 2636 1341 deest.
2748 1295 2969 1360 super.
3079 1280 3126 1342 9
3163 1279 3265 1363 id]

768 1372 914 1436 hoc.
1019 1373 1101 1437 10
1139 1374 1530 1456 praetiosos.
1633 1393 1753 1456 per
1792 1372 1995 1440 illum.
2086 1375 2167 1436 11
2213 1373 2551 1456 apostolus
2580 1374 2756 1440 dicit.
2854 1375 2943 1440 12
2980 1375 3269 1461 absque]

771 1469 991 1553 adque
1037 1473 1108 1535 in
1155 1477 1360 1555 atque
1407 1491 1574 1536 corr.
1619 1471 1948 1538 violentia.
2061 1472 2148 1536 13
2192 1475 2261 1537 et
2308 1471 2490 1538 deest.
2598 1473 2683 1536 14
2732 1476 2891 1538 sunt
2938 1477 3271 1558 expunxit,

766 1573 1043 1651 peccata
1067 1569 1201 1635 adi.
1243 1591 1326 1634 m.
1413 1569 1500 1636 ad
1543 1569 1728 1634 deest.
1810 1570 1937 1634 15
1920 1589 1989 1634 m
2016 1568 2379 1653 Christum]
2408 1570 2689 1636 Christo.
2771 1572 2859 1635 19
2882 1575 3038 1637 sunt
3064 1571 3261 1637 deest.

773 1668 1251 1751 exquoquendi.
1335 1669 1424 1732 22
1465 1668 1819 1752 liberandi]
1860 1672 2015 1734 sunt
2054 1668 2189 1732 adi.
2231 1689 2312 1732 m.
2422 1668 2607 1734 dixit.
2712 1669 3075 1754 cruciandi]
3108 1674 3271 1737 sunt

775 1765 910 1831 adi.
959 1787 1043 1830 m.
1149 1771 1283 1845 aut,
1324 1786 1367 1832 a
1415 1787 1582 1832 eras.
1685 1767 1770 1832 25
1818 1769 1935 1832 aut
1982 1766 2479 1833 fornicationem
2528 1767 2655 1832 vel.
2758 1768 2844 1832 26
2890 1768 2965 1845 si,
3008 1768 3139 1834 nisi
3180 1789 3269 1833 vn.

769 1863 856 1928 29
891 1866 1428 1948 praecipitantur.
1511 1865 1599 1929 32
1633 1865 1823 1940 adeo,
1866 1865 2015 1930 ideo
2056 1885 2141 1929 m.
2223 1865 2310 1928 33
2336 1883 2553 1948 super.
2636 1865 2722 1928 37
2748 1865 3017 1930 foenum
3042 1867 3255 1949 stipu-

771 1962 926 2028 lam.
1008 1965 1095 2028 38
1119 1964 1209 2030 ad
1235 1964 1494 2030 minuta
1517 1983 1694 2047 pecc.
1725 1963 2073 2047 purganda
2098 1962 2614 2046 neglegentibus
2698 1963 2783 2027 39
2822 1964 2881 2028 si
2920 1965 3072 2048 nec]
3118 1963 3267 2030 nisi.

772 2061 861 2125 40
884 2064 1034 2144 nec]
1063 2066 1148 2128 et.
1231 2063 1321 2126 42
1345 2060 1528 2128 dixit.
1611 2063 1696 2126 44
1721 2063 1978 2146 autem]
2006 2081 2185 2127 vero.
2268 2062 2351 2126 45
2394 2061 2529 2126 iam
2568 2061 2751 2126 deest.
2839 2063 2930 2127 47
2966 2062 3261 2130 credant.

771 2159 946 2224 sicut
971 2160 1104 2226 iam
1129 2160 1314 2224 deest.
1397 2161 1480 2222 51
1525 2162 1592 2225 et
1634 2159 2199 2244 eleemosynarum
2239 2158 2542 2242 largitate
2568 2159 2753 2224 deest.
2834 2159 3262 2227 redimamus.

775 2259 862 2320 53
890 2258 1053 2323 deus
1073 2257 1258 2322 deest.

857 2355 964 2419 Ex
989 2355 1092 2420 his
1116 2353 1480 2420 lectionibus
1505 2357 1785 2420 conicias
1810 2375 2156 2420 sermonem
2196 2376 2227 2419 e
2270 2356 2433 2420 satis
2474 2357 2735 2440 antiquo
2778 2356 2987 2421 codice
3024 2355 3260 2421 deser-i-

767 2462 953 2538 ptum
992 2475 1138 2538 esse,
1167 2457 1398 2540 quippe
1437 2456 1510 2518 in
1535 2474 1655 2539 quo
1683 2474 1726 2520 a
1752 2474 1897 2518 cum
1924 2473 1988 2531 n,
2018 2474 2057 2520 e
2084 2473 2225 2518 cum
2256 2453 2296 2531 i,
2324 2473 2367 2520 o
2394 2473 2539 2518 cum
2564 2473 2611 2518 u
2648 2460 2935 2518 mutatae
2962 2461 3161 2519 essenti
3202 2461 3263 2519 et

771 2573 1039 2617 casuum
1073 2573 1230 2619 usus
1257 2573 1440 2637 saepe
1465 2552 1973 2636 confunderetur.
2014 2552 2189 2632 Quae
2215 2554 2433 2617 omnia
2460 2554 2953 2637 merovinyicam
2986 2561 3251 2619 aetatem

773 2651 1073 2735 redolent,
1103 2660 1158 2716 et
1205 2673 1442 2718 necesse
1499 2659 1587 2716 est
1636 2659 1708 2716 ut
1755 2653 2135 2736 inspiciatur
2184 2652 2365 2716 cuius
2418 2658 2602 2716 notae
2654 2653 2738 2716 sit
2784 2651 2979 2716 codex
3026 2651 3262 2717 Mona-

775 2754 975 2816 censis
996 2753 1205 2817 14364
1223 2772 1385 2817 saec.
1401 2750 1518 2815 IX
1535 2739 1652 2835 fol.
1681 2751 1978 2833 163-168,
2008 2751 2120 2836 qui
2144 2750 2409 2815 eundem
2432 2752 2701 2816 continet
2726 2770 3092 2816 sermonem.

1992 2994 2050 3059 Π

859 3142 1078 3226 Supra
1103 3144 1236 3205 iam
1266 3143 1486 3205 monui
1508 3142 1778 3205 codicem
1808 3140 2227 3205 Dresdensem
2270 3142 2351 3206 A.
2396 3141 2547 3204 Lm·
2586 3140 2867 3205 exhibere
2906 3142 3258 3226 Auqustini

771 3260 932 3323 opus
973 3239 1055 3305 de
1105 3240 1451 3305 concordia
1500 3240 2049 3323 evangelistarum
2088 3240 2423 3322 scriptum,
2464 3240 2570 3303 cui
2604 3238 2716 3321 fol.
2772 3242 2841 3303 1·
2886 3241 3259 3304 inscribitur

771 3338 967 3403 Liber
991 3339 1200 3404 Aurili
1226 3339 1526 3421 Agustini
1555 3338 1857 3423 Episcopi
1884 3338 1968 3403 de
1990 3336 2355 3403 Concordia
2376 3336 2943 3419 Evangelistarum
2962 3336 3257 3405 Numero

772 3436 1117 3515 Quattuor.
1161 3436 1347 3502 Deest
1387 3438 1546 3501 libro
1577 3438 1797 3521 primo
1836 3444 2196 3521 conspectus
2242 3435 2673 3518 capitulorum
2722 3442 2779 3499 et
2827 3438 3259 3519 capitulorum

771 3537 1211 3621 inscriptiones
1237 3539 1414 3621 ipsae
1440 3536 1908 3614 desiderantur,
1936 3534 2247 3599 secundus
2274 3532 2430 3597 liber
2455 3535 2679 3617 incipit
2708 3555 2751 3597 α
2790 3533 2993 3598 verbis
3020 3535 3257 3620 Incipit

762 3636 968 3701 Liber
1020 3635 1360 3701 Secundus
1415 3634 1970 3699 Praecedentibus
2026 3632 2343 3715 Capitulis
2392 3632 2865 3710 Quaestionum
2922 3640 3111 3718 atque
3162 3636 3257 3699 ita

769 3735 962 3797 etiam
997 3734 1224 3818 reliqui
1243 3733 1407 3797 libri.
1440 3734 1688 3812 Quarto
1716 3730 1875 3795 libro
1904 3730 2261 3814 subscripta
2288 3736 2439 3794 sunt
2468 3729 2653 3794 verba
2673 3730 2882 3795 Aurili
2904 3730 3261 3813 Augustini

767 3832 1072 3915 Episcopi
1099 3831 1196 3896 De
1234 3831 1598 3896 Concordia
1640 3830 2203 3912 Evangelistarum
2235 3828 2497 3893 Finiunt
2536 3828 2714 3892 Libri
2752 3828 3085 3906 Quattuor
3126 3830 3257 3895 Per

773 3930 1070 3995 Gratiam
1131 3929 1392 3995 Christi.
1451 3930 1624 4008 Quae
1685 3930 1903 3992 omnia
1953 3926 2337 3991 concordant
2384 3946 2530 3990 cum
2584 3926 3001 4009 descriptione
3056 3948 3255 4012 quam

772 4028 1073 4093 Maurini
1098 4028 1176 4092 cle
1215 4028 1421 4092 codice
1464 4026 1817 4091 Gorbeiensi
1842 4026 2149 4090 dederunt
2183 4026 2299 4109 (1),
2328 4026 2439 4109 qui
2480 4024 2755 4089 eiusdem
2796 4031 3029 4089 aetatis
3070 4032 3261 4111 atque

770 4126 1152 4191 Dresdcnsis
1178 4146 1302 4191 esse
1325 4126 1572 4190 videtur
1611 4128 1907 4210 cuiusque
1947 4126 2080 4189 iam
2116 4125 2345 4188 mentio
2383 4122 2461 4205 fit
2500 4124 2571 4186 in
2599 4124 3064 4207 antiquissimis
3094 4123 3253 4188 Gor-

765 4225 1024 4289 beiensis
1065 4224 1453 4288 bibliothecae
1492 4226 1799 4307 cataloqis
1838 4222 2017 4307 apud
2055 4222 2308 4302 Becker,
2358 4220 2655 4304 Catalogi
2707 4220 3256 4287 bibliothecarum

765 4322 1039 4407 antiqui,
1067 4324 1163 4400 79,
1195 4324 1297 4405 27,
1317 4344 1386 4406 p.
1417 4322 1542 4387 186
1571 4354 1653 4377 =
1683 4323 1827 4403 136,
1854 4323 1956 4403 28,
1978 4342 2041 4406 p.
2074 4321 2219 4385 278.
2261 4320 2488 4385 Totum
2518 4338 2679 4403 opus
2707 4321 2779 4383 in
2806 4317 3019 4384 codice
3048 4320 3253 4385 Dres-

765 4422 998 4487 densia
1011 4428 1354 4485 correctore
1370 4419 1766 4485 emendatum
1788 4428 1973 4507 atque
1984 4427 2205 4503 postea
2224 4422 2455 4483 iterum
2475 4424 2823 4483 correctum
2846 4420 3181 4504 est.Atque
3196 4420 3255 4483 is

765 4522 959 4584 etiam
979 4520 1090 4604 qui
1107 4520 1313 4583 altera
1333 4521 1462 4583 vice
1480 4540 1549 4584 eo
1571 4538 1827 4583 munere
1843 4519 2107 4602 functus
2125 4524 2232 4600 est,
2246 4518 2631 4601 pracsertim
2652 4515 2970 4581 barbaras
2988 4517 3254 4601 linquae

832 4719 905 4780 (1)
941 4716 1130 4778 Uien,
1149 4714 1391 4781 XXXIV,
1413 4716 1539 4771 1041
1567 4715 1606 4771 f.
