3557 5449
653 458 839 510 13131..
890 455 1092 510 rum..
1145 452 1706 511 aorouscsnsis.
1761 478 1861 491 -
1912 451 2265 509 Arrsnmx
2314 456 2414 511 ιιι.
2609 433 2773 509 -267

381 656 452 715 5.
497 648 674 713 Inter
700 648 973 715 multa..
977 651 1090 713 ,et
1117 648 1438 713 honorem
1477 648 1725 714 domini
1752 646 1963 713 nostri
2004 647 2151 713 Iesu
2178 644 2422 713 Christi
2448 653 2561 723 (==
2582 644 2772 711 BHL.

299 748 488 827 7547,
516 767 658 831 cap.
685 750 772 831 1).

383 853 454 913 6.
497 844 644 911 Hoc
665 866 926 929 quoque
954 846 1303 928 dignum...
1337 845 1736 911 Remensem
1764 846 1999 910 urbem
2020 804 2211 927 petiit
2230 848 2345 913 (=
2364 844 2553 909 BHL.
2592 844 2773 924 7547,

297 964 434 1028 cap.
479 946 542 1026 2,
573 964 742 1029 pars
763 946 994 1028 prior).

224 1054 262 1103 5
385 1052 458 1109 ’1.
505 1044 700 1108 Αιιιιο
745 1044 1064 1109 incarnati
1115 1043 1312 1109 Verbi
1369 1042 1722 1108 millesimo
1780 1042 1988 1108 XXVI
2035 1043 2189 1126 (sic)
2234 1060 2387 1125 rege
2450 1041 2773 1107 Rotberto

297 1146 618 1225 regnante
731 1142 824 1207 uti
847 1142 1041 1207 Arrio
1061 1142 1328 1224 contigit
1353 1141 1464 1223 (=-=
1494 1140 1686 1207 BHL.
1720 1141 1901 1227 7547,
1928 1161 2051 1225 cap
2076 1142 2167 1224 6).

381 1244 453 1304 8.
499 1238 694 1303 Anno
738 1238 1058 1303 incarnati
1109 1237 1306 1302 Verbi
1340 1236 1684 1303 millesimo
1723 1236 2012 1315 XXXVI,
2062 1239 2207 1302 erat
2256 1238 2325 1303 in
2376 1236 2775 1303 'monasterio

297 1336 690 1409 Sanctorum
717 1336 1030 1413 Medardi,
1051 1336 1426 1402 Sebastiani
1456 1340 1522 1400 et
1545 1354 1761 1418 papae
1794 1335 2083 1419 Gregorii
2112 1336 2475 1401 monachus
2505 1336 2774 1419 quidam

299 1434 562 1501 nomine
587 1434 974 1513 Gibbuinus,
1003 1435 1114 1517 qui
1143 1454 1224 1500 ex
1263 1439 1618 1526 praecepto
1667 1435 1930 1500 abbatis
1970 1434 2187 1500 locum
2222 1434 2555 1517 quendam
2581 1434 2776 1517 largi·

193 1544 260 1595 10
297 1536 438 1599 tate
455 1532 784 1611 diffusum,
804 1533 919 1615 qui
945 1534 1316 1616 appellatur
1336 1533 1522 1597 Mons
1554 1532 1765 1610 Gruis,
1787 1532 1873 1597 ad
1896 1531 2403 1598 construendam
2426 1534 2515 1597 ibi
2547 1532 2775 1599 cellam

297 1630 688 1697 habitationi
733 1632 1206 1697 monachorum
1233 1650 1588 1714 congruam
1631 1632 1879 1697 devote·
1914 1633 2312 1714 susceperat.
2355 1631 2475 1697 Cui
2503 1632 2600 1696 rei
2626 1648 2775 1696 cum

297 1729 433 1794 iam
471 1748 592 1812 per
631 1729 872 1795 multos
915 1746 1124 1795 annos
1169 1748 1440 1812 operam
1483 1730 1789 1807 dedisset,
1835 1731 1901 1794 et
1943 1729 2077 1795 iam
2119 1728 2418 1812 explesse
2445 1728 2778 1795 videretur

299 1826 478 1909 quod
527 1846 609 1891 ex
661 1832 1016 1910 praecepto
1069 1827 1332 1892 abbatis
1387 1828 1488 1893 sui
1543 1828 1936 1902 initiaverat,
1992 1830 2209 1892 tactus
2266 1826 2517 1911 antiqui
2568 1826 2776 1891 hostis

299 1925 732 2009 suggestione,
781 1926 893 2008 qui
943 1926 1172 2008 primis
1218 1926 1602 2008 parentibus
1645 1924 1939 2008 paradisi
1984 1924 2361 1991 felicitatem
2410 1924 2657 2000 invidit,
2709 1929 2775 1990 ct

197 2035 262 2086 15
300 2042 646 2089 assensum
682 2024 1032 2105 praebens,
1075 2024 1288 2106 coepIt
1334 2042 1468 2089 non
1510 2042 1724 2107 aequo
1765 2022 1987 2088 animo
2030 2027 2318 2088 tractare
2360 2022 2537 2105 apud
2586 2043 2661 2088 se
2702 2026 2775 2089 ut

299 2121 534 2197 locum,
592 2140 790 2203 quem
837 2120 1073 2185 divinis
1127 2120 1356 2185 officiis
1411 2120 1921 2203 mancipandum
1978 2123 2361 2202 susceperat
2404 2122 2418 2203 Ι
2470 2125 2535 2186 et
2578 2140 2775 2204 quem

302 2216 574 2283 ecclesia
619 2215 844 2281 Sancti
885 2216 1178 2281 Medardi
1217 2235 1338 2299 per
1377 2216 1596 2300 plures
1635 2234 1847 2281 annos
1888 2217 1954 2281 in
1984 2234 2149 2299 pace
2176 2210 2481 2281 tenuerat
2524 2218 2776 2301 absque

297 2314 492 2380 ullius
517 2310 866 2397 potcstatis
907 2310 1235 2380 calumnia
1273 2316 1342 2381 et
1379 2307 1474 2381 rei
1514 2303 1817 2398 publicae
1844 2310 1971 2379 iilic
2011 2328 2247 2379 causas
2290 2314 2777 2397 disponentium

299 2413 554 2489 iniuria,
583 2412 912 2492 ecclesiae,
941 2414 1124 2479 cuius
1151 2417 1297 2479 erat
1323 2408 1703 2489 monachus,
1731 2402 2072 2477 fraudaret
2118 2416 2185 2477 et
2226 2412 2455 2478 ditioni
2496 2412 2779 2479 consulis

198 2532 264 2583 ευ
299 2511 648 2576 Teutboidi
668 2512 784 2595 (1),
807 2511 996 2593 quasi
1023 2530 1162 2576 rem
1193 2511 1318 2576 sibi
1351 2512 1588 2577 iniuste
1616 2510 1967 2587 sublatam,
1998 2509 2349 2575 addiceret.
2390 2510 2557 2576 Cum
2586 2511 2780 2593 igitur

301 2612 438 2673 tam
467 2608 788 2674 nefariam
809 2628 952 2673 rem
980 2608 1202 2691 iniquo
1229 2610 1451 2673 animo
1477 2612 1867 2690 conceptam
1887 2607 2207 2691 iniquiore
2228 2626 2429 2690 opere
2450 2608 2779 2691 complere

301 2713 650 2793 satageret,
679 2710 970 2794 quadam
997 2710 1122 2788 die,
1152 2729 1300 2776 cum
1329 2710 1492 2776 haec
1540 2710 1948 2793 perfecturus
1978 2727 2221 2792 equum
2263 2708 2667 2774 ascendisset
2711 2713 2776 2773 et

301 2809 426 2873 iter
471 2813 714 2891 ageret,
753 2809 946 2891 lapsu
995 2809 1146 2892 equi
1191 2827 1226 2873 a
1279 2809 1438 2874 sella
1486 2807 1810 2882 desiliens,
1859 2807 2083 2872 fractis
2128 2807 2508 2884 cervicibus,
2558 2807 2778 2872 divina

301 2905 546 2972 ultione
573 2907 836 2972 interiit.

199 3023 264 3074 25
383 3011 454 3070 9.
501 3004 756 3070 Genere
777 3005 977 3071 nobili
998 3007 1256 3071 natus...
1277 3004 1368 3069 nil
1389 3005 1778 3070 invenerunt
1800 3004 1927 3068 nisi
1946 3021 2154 3069 unum
2184 3007 2434 3070 cattum
2457 3004 2565 3084 (—
2588 3001 2777 3068 BHL.

305 3102 488 3182 7647,
518 3123 655 3185 cap.
685 3105 778 3186 5).

389 3202 510 3266 1⁰.
556 3199 842 3278 Quidam
901 3201 1110 3266 sancti
1176 3199 1472 3266 Medardi
1538 3199 1959 3266 monachus...
2011 3200 2317 3284 deposuit
2378 3199 2548 3264 infra
2616 3198 2779 3264 alios

303 3301 414 3382 (=
440 3298 632 3364 BHL.
651 3299 840 3375 5747,
869 3319 1008 3382 cap.
1037 3299 1126 3383 3).

390 3407 506 3464 11.
553 3399 668 3464 Est
697 3402 765 3464 et
803 3397 979 3462 istud
1021 3397 1407 3463 miraculum
1449 3398 1808 3463 memoriae
1856 3397 2510 3462 commendandum...
2550 3395 2779 3462 laudes

198 3512 264 3563 :³0
303 3501 496 3562 sonat
523 3515 674 3562 cum
701 3515 948 3579 organo
974 3498 1085 3577 (=
1111 3495 1301 3561 BHL.
1327 3496 1508 3576 7547,
1529 3515 1668 3578 cap.
1695 3496 1742 3558 2
1757 3515 1923 3579 pars
1950 3488 2201 3578 alteria).

391 3594 624 3660 121n
684 3611 858 3677 pago
914 3594 1366 3676 Aquitanico...
1435 3593 1728 3659 Laudate
1798 3593 2152 3658 Dominum
2216 3593 2283 3657 in
2340 3587 2585 3657 sanctis
2642 3593 2780 3658 sius

301 3695 416 3776 (--
439 3691 632 3758 BHL.
654 3692 838 3773 7546,
867 3709 1002 3776 cap.
1027 3693 1118 3775 8).

393 3789 1764 3872 18.Aubertun1‚t'ratres.ciericum...qui
1794 3789 1947 3854 facit
1979 3785 2303 3854 mirabilia
2330 3763 2573 3872 magna
2604 3789 2781 3854 solus

303 3891 414 3972 (=
440 3887 632 3954 BHL.
658 3887 840 3967 7547,
869 3905 1010 3970 cap.
1037 3889 1126 3970 9).

195 4003 266 4053 :³5
393 3994 514 4051 14.
560 3987 752 4050 Anno
781 3985 1148 4050 dominicae
1175 3984 1638 4050 incarnationis
1667 3981 2116 4050 D.CGC.L1111.
2157 3983 2537 4050 Fulcanus...
2581 3998 2783 4067 ange-

301 4083 442 4150 licis
469 4083 716 4148 civibus
743 4088 1112 4167 appareant
1154 4103 1356 4164 opera
1387 4081 1502 4148 Dei
1531 4082 1922 4146 mirantibus
1950 4083 2054 4162 (=
2090 4079 2281 4146 BHL.
2317 4081 2499 4164 7047,
2528 4097 2663 4166 cap.
2697 4083 2783 4184 4).

391 4183 725 4259 Explicit.

371 4395 446 4458 (i)
479 4393 651 4456 idam,
674 4395 738 4448 ut
760 4393 990 4454 videtur,
1006 4394 1076 4447 de
1095 4393 1342 4462 quoiam
1367 4402 1482 4461 cap.
1500 4391 1720 4456 amm...
1746 4391 1861 4448 Ser.
1879 4397 1917 4448 t.
1942 4385 2056 4458 XV,
2079 4408 2130 4462 p.
2154 4387 2269 4458 772,
2286 4393 2381 4448 lin.
2406 4389 2603 4457 18-19).
