3557 5449
668 443 853 496 Bm..
902 443 1107 498 Puni..
1157 445 1717 498 noromssusts.
1768 465 1859 478 —
1910 445 2262 497 Arrsnmx
2313 445 2410 498 m.
2631 424 2778 498 253

306 635 654 700 ostendere
680 633 1065 700 mortalibus
1094 633 1306 717 qualis
1334 638 1701 717 quantusve
1732 637 1988 700 futurus
2008 638 2183 700 esset
2201 635 2383 700 locus
2401 635 2598 712 idem,
2623 637 2782 700 tunc

308 733 573 815 quidem
594 732 965 798 hominibus
986 751 1238 814 parvus·
1254 736 1315 796 et
1341 732 1503 808 vilis,
1526 733 1657 798 tale
1682 731 2012 816 quoddam
2037 751 2312 814 operare
2334 732 2640 814 dignatus
2661 736 2782 796 est.

306 829 559 914 Nempe
606 849 792 896 marc
832 829 1185 896 conditoris
1242 831 1343 894 sui
1391 830 1583 895 iussis
1630 831 1944 896 obediens
1985 849 2182 896 omne
2244 830 2400 895 illud
2443 829 2780 904 edifitium,

306 927 495 993 simti
524 930 666 994 erat
712 928 1169 1011 compositum,
1200 928 1489 1010 angelico
1516 937 1676 994 vere·
1700 929 1900 994 ductu
1943 929 2083 993 sine
2124 929 2416 995 humano
2457 928 2782 994 adiutorio

234 1041 269 1094 5
305 1025 605 1092 Fisearmi
634 1027 721 1091 ad
749 1027 1276 1108 prenominatum
1300 1027 1515 1105 locum
1541 1027 1773 1092 detulit
1801 1027 2022 1114 ibique
2051 1027 2314 1114 dimisit.
2573 1087 2576 1089 Α

390 1130 460 1186 ’7.
506 1121 699 1200 Quod
722 1123 821 1205 (l)
848 1122 1115 1198 factum,
1144 1140 1366 1187 rumor
1408 1121 1635 1204 ingens
1662 1123 1820 1188 exiit
1849 1127 1917 1188 et
1957 1124 2092 1187 iam
2133 1142 2218 1188 ex
2247 1123 2365 1188 illa¹
2397 1124 2563 1189 hora
2606 1123 2782 1206 cepit

307 1220 607 1286 venerari
654 1241 697 1285 a
736 1220 1431 1288 circumhabitanlibus
1474 1221 1716 1285 vicinis⁴
1762 1221 2057 1302 Cumque
2099 1221 2188 1285 ad
2229 1222 2353 1287 hoc
2391 1222 2784 1304 perductum

308 1323 503 1396 osset,
547 1322 626 1383 ut
669 1318 829 1382 inibi
876 1318 1167 1384 divinum
1223 1319 1501 1384 offitium
1563 1317 1802 1384 vellent
1857 1318 2209 1396 celebrare,
2267 1319 2639 1401 ignorantes
2695 1319 2782 1384 ad

307 1417 673 1500 presens-in
698 1417 883 1482 cuins
908 1416 1156 1481 honore
1179 1417 1321 1499 ipse
1339 1416 1519 1481 locus
1538 1417 1836 1481 venerari
1859 1416 2212 1493 debuisset,
2236 1418 2455 1482 subito
2475 1419 2784 1500 apparuit
2912 1406 2919 1412 ¹

206 1531 273 1582 ιο
306 1515 445 1604 illis
488 1513 755 1598 quidam
804 1514 908 1579 vir
962 1514 1340 1579 veneranda
1392 1515 1632 1579 canitie
1679 1515 1973 1579 decorus.
1995 1507 1998 1510 ’
2019 1515 2148 1592 Qui
2195 1514 2352 1580 illud
2401 1515 2779 1592 oratorium,

304 1613 679 1678 videntibus
706 1613 1033 1688 omnibuS‚
1062 1612 1391 1694 ingressus
1419 1632 1617 1695 super
1644 1612 1854 1694 altare
1881 1613 2103 1695 posuit
2129 1612 2483 1690 cultellum,
2513 1615 2578 1678 in
2600 1613 2782 1678 cuius

306 1711 654 1776 manubrio
704 1714 848 1776 erat
900 1711 1133 1775 litteris
1190 1710 1407 1776 aureis
1462 1711 1777 1792 scriptum
1835 1703 1852 1776 ε’
1911 1711 1999 1775 IN
2047 1710 2406 1775 HONORE
2447 1709 2782 1776 SANCTE

306 1807 816 1873 TRINITATIS.
843 1807 1035 1885 Quod
1064 1827 1215 1872 cum
1244 1825 1443 1889 super
1470 1806 1678 1871 altare
1700 1808 2045 1888 posuisset,
2069 1809 2280 1872 oravit
2311 1812 2378 1872 et
2405 1808 2562 1873 nulli
2589 1808 2786 1873 nichil

310 1905 533 1970 dicens
553 1906 639 1970 ab
660 1905 949 1970 oratorio
970 1905 1145 1980 exiit,
1166 1908 1233 1968 et
1254 1904 1561 1986 deinceps
1580 1923 1713 1968 non
1736 1905 2122 1987 comparuit.
2133 1904 2322 1970 Unde
2344 1905 2784 1970 indubitatum

207 2021 273 2071 15
310 2003 614 2085 angelum
641 2003 760 2068 Dei
801 2003 891 2068 ibi
932 2002 1339 2092 apparuisse.
1385 2001 1545 2066 lllud
1578 2006 1802 2066 autem
1831 2002 2163 2068 cultellum
2191 2023 2401 2086 usque
2442 2004 2638 2069 hodie
2669 2023 2787 2086 pro

310 2120 550 2185 magno
574 2121 847 2166 munere
866 2102 935 2165 in
956 2102 1102 2184 ipsa
1124 2100 1400 2166 ecclesia
1428 2101 1493 2164 in
1517 2102 1667 2165 testi
1676 2101 1894 2165 monio
1917 2101 2120 2184 ipsius
2143 2102 2432 2166 miraculi
2465 2105 2786 2167 servatur.

393 2207 461 2264 8.
507 2201 703 2263 Anno
728 2199 827 2282 (2)
854 2198 1049 2279 igitur
1088 2198 1411 2262 dominice
1454 2197 1918 2262 incarnationis
1961 2199 2458 2279 nongentesimo
2502 2198 2788 2281 quadra-

311 2297 557 2377 gesimo
586 2297 779 2360 tertio
806 2296 941 2360 dux
968 2294 1336 2360 Willelmus
1364 2315 1407 2360 a
1448 2296 1684 2360 comite
1714 2295 1988 2360 Arnulso
2030 2296 2182 2360 dolo
2224 2297 2474 2361 occisus
2517 2301 2636 2361 est.
2667 2297 2786 2362 Cui

310 2395 623 2460 successit
648 2395 716 2458 in
741 2393 1027 2477 regnum
1046 2394 1152 2476 pie
1182 2393 1494 2458 memorie
1522 2393 1891 2460 Richardus
1921 2394 2324 2459 adolescens.
2357 2395 2420 2459 Is
2449 2399 2672 2460 autem
2700 2396 2787 2461 ob

206 2509 275 2560 no
312 2493 431 2558 Dei
468 2491 876 2574 voluntatem
905 2496 971 2556 et
1000 2512 1190 2557 suam
1218 2493 1629 2556 nativitatem
1656 2491 2024 2574 predictum
2053 2493 2270 2557 locum
2297 2493 2589 2575 diligens,
2629 2513 2789 2576 qua-

312 2590 469 2656 dam
497 2591 603 2656 die
631 2594 815 2656 stans
854 2591 921 2654 in
958 2590 1227 2655 introitu
1264 2589 1499 2654 domus
1528 2608 1645 2654 sue
1675 2593 1876 2672 atquc
1917 2590 2130 2672 ipsam
2173 2591 2446 2655 domum
2488 2591 2787 2656 altiorem

312 2689 873 2773 comptioremque
916 2688 1185 2755 basilica
1231 2689 1575 2753 inhonore
1618 2688 1858 2753 Sancte
1893 2688 2230 2755 Trinitatis
2273 2689 2492 2754 dicata
2533 2691 2789 2773 conspi-

310 2789 499 2865 tiens,
526 2788 733 2853 ascito
752 2792 1091 2870 petrarum
1122 2788 1309 2851 fabro
1336 2794 1445 2851 etc.
1465 2794 1537 2850 ut
1570 2790 1638 2849 in
1669 2786 1968 2850 Dudmu’s
1991 2786 2217 2850 decani
2239 2786 2463 2852 Sancti
2493 2786 2788 2867 Quinte‘ni

310 2887 470 2950 libro
508 2884 623 2949 111
670 2886 769 2950 De
796 2887 1089 2950 moribus
1118 2890 1186 2949 et
1212 2886 1373 2949 actis
1402 2885 1763 2966 primorum
1803 2884 1865 2947 N
1867 2885 2249 2950 ormanniae
2292 2886 2552 2963 ducum,
2587 2906 2781 2971 usque

206 3000 275 3049 ὅ
310 2984 402 3048 ad
428 2983 613 3048 verba
640 3006 661 3047 .·
690 2983 951 3049 Christo
979 2982 1309 3049 deservire
1332 2984 1539 3064 coegit
1559 2984 1675 3064 (3).
1718 2981 1881 3045 Tum
1909 2984 2193 3067 sequitur
2219 3006 2242 3046 .·

394 3090 464 3149 9.
510 3082 638 3173 Illis
668 3082 733 3147 in
763 3081 995 3147 diebus
1016 3080 1113 3165 (4)
1142 3086 1285 3146 erat
1314 3082 1582 3163 quidam
1610 3082 1955 3163 presbiter,
1977 3082 2242 3146 nomine
2267 3082 2470 3158 Isaac,
2497 3082 2592 3147 vir
2619 3082 2791 3148 bone

310 3180 466 3258 vite,
476 3178 851 3263 frequenter
872 3180 1219 3245 missarum
1245 3178 1583 3243 sollemnia
1605 3179 1942 3259 celebrans
1966 3179 2052 3245 ad
2075 3178 2284 3244 altare
2305 3180 2528 3244 Sancti
2553 3180 2792 3246 Macuti

311 3280 603 3362 episcopi
630 3284 698 3344 et
723 3278 1111 3344 confessoris
1139 3278 1317 3342 haud
1344 3278 1570 3359 procul
1598 3296 1641 3341 a
1668 3278 1987 3341 Fiscanno
2017 3277 2271 3342 distans
2295 3278 2554 3343 duobus
2581 3278 2794 3343 milia-

312 3378 445 3443 riis.
485 3377 609 3455 Qui
653 3377 947 3459 quadam
973 3376 1079 3441 die
1108 3394 1290 3439 more
1320 3376 1509 3440 solito
1553 3376 1621 3440 id
1650 3394 1972 3457 peragens
2015 3380 2169 3458 post
2212 3376 2605 3441 dominicam
2646 3396 2794 3442 ora-

206 3490 277 3541 30
312 3476 561 3541 tionem
606 3475 851 3539 invenit
892 3493 1133 3557 panem
1178 3472 1572 3537 dominicum
1620 3492 2007 3537 conversum
2053 3474 2120 3537 in
2163 3493 2428 3538 carnem
2471 3474 2794 3557 similique

312 3574 515 3639 modo
542 3574 767 3637 vinum
794 3573 863 3637 in
890 3572 1293 3654 sanguinem.
1323 3570 1612 3635 Peractis
1640 3572 1866 3653 itaque
1895 3571 2199 3636 misteriis
2229 3575 2296 3635 et
2323 3572 2645 3649 fidelibuS,
2684 3574 2794 3656 qui

314 3673 405 3737 ibi
432 3673 713 3737 aderant
740 3672 807 3735 in
834 3670 1169 3745 aecclesia,
1212 3668 1512 3745 dimissiS,
1544 3670 1818 3733 accessit
1861 3670 1947 3733 ad
1975 3670 2342 3752 principem
2391 3670 2796 3736 Richardum

316 3776 386 3836 et
413 3772 471 3835 ei
502 3790 630 3852 que
658 3770 783 3833 sibi
805 3769 1179 3835 acciderant
1208 3768 1527 3849 exposuit.
1550 3768 1697 3830 Dux
1726 3772 1949 3831 autem
1979 3767 2267 3848 repletus
2290 3768 2530 3850 gaudio
2551 3770 2798 3851 gratias

316 3868 447 3951 egit
477 3869 634 3941 Deo,
666 3868 777 3949 qui
820 3866 1207 3931 mortalibus
1246 3866 1372 3928 tale
1416 3865 1778 3929 misterium
1808 3866 2157 3930 ostendere
2201 3870 2302 3930 est
2345 3866 2669 3947 dignatuS,
2715 3886 2799 3932 ne

210 3988 281 4037 35
318 3967 465 4049 quis
494 3966 800 4047 deinceps
822 3964 905 4029 dc
934 3983 1207 4045 corpore
1236 3967 1303 4027 et
1330 3963 1642 4044 sanguine
1664 3962 1885 4031 <Deip
1907 3962 2144 4027 dubius
2175 3966 2367 4028 esset.
2391 3963 2802 4047 Congregata

319 4066 515 4149 igitur
546 4063 926 4127 clericorum
954 4060 1369 4126 multitudine
1398 4076 1674 4129 <verum
1705 4078 1942 4141 corpus
1980 4060 2047 4123 in
2079 4060 2472 4127 ecclesiam>
2501 4062 2802 4127 Fiscanni

319 4162 696 4227 detulerunt
722 4164 789 4224 et
830 4161 899 4224 in
947 4160 1156 4224 altare
1200 4163 1423 4222 sancte
1464 4157 1802 4223 Trinitatis
1844 4162 2206 4240 posuerunt
2235 4157 2412 4223 illud.
2457 4158 2805 4242 <Prcp>a-

321 4260 483 4327 ratis
511 4260 609 4343 (5)
650 4259 844 4341 igitur
883 4261 1287 4322 memoratus
1330 4257 1463 4321 dux
1508 4258 1848 4320 onmibus¹
1897 4275 2026 4339 que
2069 4256 2464 4321 dedicationi
2503 4276 2805 4323 necessa-

392 4394 410 4427 ¹
446 4392 566 4445 wel.
600 4389 807 4445 omnia„

388 4527 465 4587 (1)
486 4522 695 4575 Eadem
718 4524 938 4573 narrata
958 4524 1089 4573 sunt
1118 4534 1237 4585 cap.
1261 4535 1333 4572 ιιι
1358 4523 1411 4572 et
1444 4534 1538 4571 xm
1562 4518 1809 4572 eiusdem
1849 4518 2018 4572 libelli
2057 4517 2114 4581 (1.
2137 4534 2183 4570 c.
2217 4518 2446 4584 715-16).
2490 4547 2555 4557 —
2579 4518 2653 4585 (2)
2688 4520 2808 4574 vid.

323 4606 575 4660 eiusdem
598 4602 765 4655 libelli
790 4618 906 4667 cap.
924 4617 1116 4653 xiv-xv
1140 4602 1195 4661 (Ι.
1212 4616 1257 4652 c.
1275 4602 1501 4656 716-17).
1518 4628 1577 4639 -—
1600 4600 1753 4659 13)st
1783 4600 1868 4663 L„
1891 4605 1927 4651 t.
1945 4600 2124 4656 CXLI,
2143 4600 2244 4652 749
2255 4601 2478 4663 c-750c;
2503 4600 2588 4654 ed.
2605 4602 2654 4654 J.
2674 4602 2811 4655 Lam

322 4690 521 4753 (1855),
544 4702 595 4753 p.
616 4686 719 4737 2¹³0
763 4682 1020 4735 med-⁴:291
1058 4682 1201 4735 med.
1242 4708 1303 4718 —-
1344 4682 1414 4742 (4)
1452 4680 1571 4733 Vid.
1620 4681 1790 4735 libelli
1839 4680 1914 4733 De
1949 4681 2359 4743 ret-clauorum...
2391 4698 2508 4748 cap.
2543 4698 2636 4736 xvi
2677 4684 2730 4746 (l.
2765 4700 2812 4737 c.

324 4770 560 4828 717-18).
586 4794 649 4803 -
674 4766 746 4826 (ὃ)
784 4764 904 4817 vid.
938 4763 1192 4817 ultimam
1227 4762 1557 4815 sententiam
1582 4778 1699 4828 cap.
1724 4777 1796 4814 xv
1823 4762 2068 4816 eiusdem
2088 4762 2260 4816 libelli
2283 4764 2340 4826 (Ι.
2363 4778 2411 4816 c.
2429 4764 2566 4825 717).

2931 3088 2978 3141 f.
3003 3088 3136 3141 187⁹.
3170 3097 3179 3109 ·
