3557 5449
801 456 1080 508 Leonem
1129 456 1524 511 CAESARIUH
1577 458 1889 511 smorm
1942 460 2297 513 vismnsn.
2638 440 2785 513 283

295 646 398 705 est
445 642 870 709 anathemate
920 644 1242 710 iudicatus
1291 645 1396 710 vel
1445 645 1732 711 adiciens
1780 646 1887 711 vel
1934 646 2281 713 retrahens
2334 646 2531 713 fidei?
2576 646 2781 712 Plane

297 739 476 803 enim
516 744 582 803 et
623 740 974 806 manifeste
1015 742 1274 807 reddita
1320 744 1407 808 ab
1449 744 1764 826 apostolis
1806 745 2017 822 nobiS,
2042 764 2165 810 nec
2205 748 2635 827 augmentum
2664 763 2784 808 nec

295 836 824 905 imminutionem
861 840 1222 923 requirunt.
1251 841 1552 923 Legimus
1593 842 1662 906 in
1689 842 1871 907 libris
1912 844 2155 907 nostris
2182 862 2317 908 non
2354 843 2511 908 addi
2539 842 2783 907 debere

293 952 432 1000 non
449 936 724 1014 retrahi3
752 956 998 1019 magna
1018 938 1264 1021 quippe
1285 938 1640 1004 addentem
1662 944 1730 1005 et
1757 940 2205 1005 retrahentem
2226 959 2444 1021 poena
2464 940 2785 1005 constrin-

295 1033 410 1113 git.
439 1032 626 1099 Unde
667 1036 1034 1101 cauterium
1075 1047 1554 1120 praeparamus
1595 1041 1666 1102 et
1705 1038 1953 1103 ferrum
1997 1038 2151 1121 quia
2194 1038 2367 1103 ultra
2412 1056 2545 1103 non
2589 1041 2782 1103 erunt

297 1130 584 1197 fovenda
615 1134 890 1199 mlnera
931 1154 1104 1216 quae
1137 1140 1478 1201 merentur
1515 1136 1785 1201 abscidi.
1812 1136 2071 1201 Scimus
2114 1140 2293 1201 certe
2328 1136 2585 1201 maiora
2620 1136 2781 1199 vitia

297 1230 532 1294 maiori
557 1249 822 1313 semper
849 1232 1074 1297 dolore
1101 1234 1343 1298 sanari.
1369 1233 1548 1297 Inter
1571 1234 1783 1299 multa
1812 1253 1983 1317 quae
2006 1254 2047 1299 a
2076 1239 2143 1300 te
2172 1235 2373 1317 impie
2398 1233 2783 1316 praedicata

293 1327 684 1393 universalis
709 1334 976 1411 recusat
1013 1331 1290 1396 eccles-ia
1315 1330 1616 1413 symbolo
1655 1332 1742 1396 ab
1769 1330 2087 1415 apostolis
2124 1332 2371 1397 tradito
2410 1332 2781 1413 plangimus

293 1423 462 1489 haec
507 1427 714 1492 verba
761 1428 960 1493 fuisse
1009 1430 1292 1507 sublata,
1343 1450 1471 1512 que
1511 1430 1702 1495 nobis
1752 1430 1953 1495 totius
2004 1450 2193 1513 spem
2244 1431 2379 1511 vite
2420 1430 2780 1512 salutisque

291 1524 707 1603 promittunt.
735 1526 926 1604 Quod
953 1546 1160 1610 quare
1185 1528 1306 1593 fiat
1333 1528 1649 1611 epistolae
1677 1532 1834 1593 tuae
1862 1529 1946 1593 de
1972 1528 2211 1611 quibus
2250 1528 2430 1593 nulla
2456 1528 2780 1593 dubitatio

295 1622 877 1705 estquiaets...1
855 1626 1795 1710 ipse...istiquasinmanus
1822 1628 2241 1710 nostras(1)¹!

1493 1815 1578 1879 IV

383 1940 594 2007 Codex
665 1942 1064 2009 Monacensis
1131 1946 1304 2009 6293
1364 1945 1546 2027 (olim
1595 1944 1881 2030 Frisiny.
1936 1946 2047 2029 93)
2104 1944 2185 2010 ab
2234 1965 2369 2009 una
2438 1944 2777 2029 eademque

295 2058 498 2103 manu
523 2042 768 2106 noculo
793 2062 962 2107 nono
989 2043 1185 2107 nitide
1209 2044 1486 2127 scriptus
1513 2051 1617 2109 est.
1650 2045 1937 2119 Continet
1951 2051 2208 2128 praeter
2226 2050 2429 2108 cetera
2455 2042 2568 2126 fol.
2602 2042 2778 2107 136·-

295 2137 447 2204 147⁶
487 2142 786 2204 visionem
829 2141 1110 2206 Baronti
1155 2140 1451 2206 monachi
1489 2144 1604 2227 qui
1649 2143 1896 2207 saeculo
1944 2144 2206 2226 septimo
2248 2150 2537 2207 versatus
2576 2148 2665 2205 est
2706 2142 2777 2204 in

295 2240 686 2303 monasterio
705 2238 1168 2323 Lonqoretensi.
1204 2228 1414 2319 Quam
1434 2243 1733 2305 visionem
1743 2240 1990 2324 publici
2008 2241 2177 2305 iuris
2196 2240 2484 2323 fecerunt
2507 2239 2775 2305 Bollan-

294 2335 502 2400 distae
525 2338 599 2400 in
624 2337 771 2402 Act.
798 2336 936 2415 SS.,
966 2337 1166 2404 Mart.
1199 2338 1337 2420 111,
1363 2339 1644 2402 570-574
1685 2339 1893 2403 codice
1918 2340 2325 2422 potissimum
2362 2340 2470 2401 usi
2510 2338 2572 2401 S.
2627 2335 2775 2401 Ho-

293 2435 495 2516 riam‘,
522 2454 644 2519 quo
671 2434 870 2499 multo
885 2438 1318 2519 praestantior
1357 2457 1482 2501 esse
1519 2436 1768 2501 videtur
1797 2435 2217 2500 Monacensis.
2270 2436 2447 2500 Nam
2474 2438 2632 2499 visio
2659 2435 2776 2498 illa

293 2532 470 2596 circa
491 2532 686 2615 finem
711 2534 948 2597 saeculi
971 2536 1222 2617 septimi
1247 2536 1487 2617 scripta
1515 2542 1624 2616 est,
1649 2554 1772 2619 quo
1804 2541 2076 2617 ternpore
2102 2534 2325 2617 linqua
2352 2534 2559 2597 latina
2578 2534 2777 2616 plane

293 2628 606 2703 dissoluta
652 2638 806 2713 erat,
835 2638 910 2695 ut
953 2638 1162 2697 tomus
1187 2638 1458 2717 quartus
1483 2632 1890 2715 Scriptorum
1928 2650 2153 2697 rerum
2182 2630 2771 2713 merovingicarum

295 2748 343 2792 a
371 2729 448 2792 B.
483 2729 746 2794 Krasos
771 2750 840 2795 a.
869 2733 1040 2795 1902
1061 2731 1270 2796 editus
1293 2731 1606 2796 evidenter
1640 2731 2049 2812 dauon-strat,
2080 2737 2145 2794 at
2174 2731 2347 2794 color
2380 2737 2567 2815 atque
2590 2730 2777 2793 stilum

290 2829 617 2909 sermonis,
660 2849 842 2912 quem
873 2829 1062 2894 editio
1090 2829 1652 2894 Bollandistarum
1680 2836 1909 2910 servat,
1938 2830 2117 2914 lonqe
2138 2829 2259 2892 alii
2286 2835 2449 2892 sunt.
2488 2827 2611 2892 Cui
2638 2847 2770 2890 ser-

289 2928 470 2989 moni
475 2927 848 3010 plerumque
863 2929 1144 2992 convenit
1169 2929 1537 2992 correctoris
1555 2947 1791 2992 manus
1812 2928 1922 3008 (=
1950 2937 2045 3003 m)
2072 2928 2141 2991 in
2164 2925 2371 2991 codice
2401 2925 2773 2990 Monacensi

291 3031 606 3088 sexcentos
645 3025 812 3090 locos
851 3023 1210 3109 emendam,
1251 3033 1561 3090 corrector
1599 3027 1766 3090 enim
1810 3045 1981 3088 more
2027 3025 2358 3088 hominum
2406 3024 2777 3107 carolinyici

293 3125 436 3187 aevi
479 3115 806 3187 doctorum
850 3126 1132 3188 auctoris
1175 3143 1518 3188 sermonem
1557 3125 2021 3208 qrammaticae
2060 3123 2185 3207 leqe
2222 3142 2420 3205 paene
2460 3129 2775 3185 carentem

293 3241 490 3306 quam
537 3223 816 3285 maxime
869 3223 1138 3286 coercuit
1192 3229 1247 3285 et
1304 3222 1594 3305 expolivit
1606 3244 1636 3301 ,·
1685 3221 1795 3286 sed
1862 3239 1990 3284 non
2060 3241 2301 3304 semper
2366 3219 2777 3302 qrammatici

289 3339 549 3383 munere
565 3319 828 3402 functus
853 3327 960 3401 est,
988 3321 1245 3403 saepius
1269 3321 1438 3384 entim
1465 3325 1702 3383 textum
1742 3340 1815 3384 re
1842 3339 1989 3382 vera
2017 3318 2389 3383 emendavit.
2426 3317 2601 3397 Quae
2624 3337 2769 3380 cum

287 3419 390 3482 ita
443 3421 593 3499 sint,
645 3437 775 3481 non
821 3418 946 3482 leve
999 3437 1234 3482 ‚nunus
1286 3418 1408 3481 erit
1455 3425 1693 3482 textum
1747 3425 1907 3481 recte
1960 3416 2393 3481 constituendi.
2451 3414 2767 3499 Equidem

277 3535 668 3600 persuasum
693 3515 882 3580 habeo
917 3518 1264 3600 ymuinum
1305 3517 1590 3580 auctoris
1629 3535 1977 3578 sermonem
2010 3515 2281 3597 propius
2326 3515 2651 3577 accessisse
2687 3513 2777 3576 ad

287 3616 428 3678 eius
469 3615 654 3678 verba
695 3615 806 3698 qui
853 3614 1122 3677 codicem
1153 3613 1590 3678 monacensem
1633 3611 1887 3694 scripsit
1916 3631 2108 3696 quam
2140 3613 2251 3696 qui
2293 3631 2433 3675 eum
2476 3612 2770 3674 correxit.

289 3709 426 3775 Hic
441 3731 730 3796 propono
759 3712 1034 3775 alicuius
1063 3713 1358 3775 momenti
1384 3711 1849 3793 discrepantias
1872 3712 2035 3774 inter
2060 3709 2331 3772 codicem
2363 3715 2418 3772 et
2444 3708 2775 3772 editionem

289 3811 642 3874 coniunctis
669 3811 758 3874 eis
795 3809 1156 3874 lectionibus
1199 3829 1356 3894 quas
1398 3815 1710 3872 corrector
1732 3810 1804 3870 in
1832 3807 2038 3871 codice
2067 3809 2353 3872 niumeit.
2386 3806 2453 3870 N
2454 3807 2661 3870 umeri
2700 3808 2771 3868 in

286 3909 568 3992 sequenti
593 3907 920 3971 collatione
930 3909 1132 3990 positi
1157 3915 1436 3991 spectant
1457 3905 1546 3971 ad
1567 3905 1897 3969 editionem
1920 3925 2123 3989 supra
2144 3905 2485 3968 laudatam
2514 3905 2769 3967 omissis

289 4005 500 4070 titulis
522 4013 578 4068 et
599 4006 1132 4069 annotationibus.

379 4103 454 4168 P.
483 4105 627 4184 570,
652 4102 710 4184 Ι,
734 4105 774 4166 1
799 4103 995 4184 igitur
1023 4103 1200 4167 deest.
1291 4104 1336 4164 2
1361 4102 1538 4186 quid,
1563 4101 1740 4184 quod
1769 4122 1853 4165 m.
1937 4101 1977 4162 4
2008 4101 2119 4183 qui
2138 4100 2348 4182 (quod
2370 4102 2461 4183 m)
2488 4118 2773 4164 nunccu-

285 4208 492 4285 patur
533 4205 726 4283 (corr.
768 4197 882 4284 m.)
922 4199 1298 4283 longoretus
1338 4199 1622 4264 nomine.
1716 4201 1760 4262 6
1786 4199 2019 4263 Frater
2060 4198 2351 4280 quidam.
2432 4197 2779 4270 nomene‚i

287 4319 460 4364 corr.
487 4320 572 4363 m.
661 4301 704 4360 7
726 4299 1050 4364 monachi.
1132 4298 1177 4360 8
1197 4298 1536 4362 matutinis
1557 4297 1863 4362 laudibus
1876 4296 2265 4378 (matutinas
2286 4295 2513 4360 laudes
2540 4295 2631 4377 m)
2652 4295 2777 4359 deo

289 4397 688 4463 reddidisset
717 4400 784 4461 et
802 4398 890 4462 in.
972 4399 1015 4460 9
1041 4397 1304 4462 lectum.

379 4495 458 4560 P.
485 4495 632 4576 570,
654 4492 750 4574 11,
778 4496 817 4557 1
847 4494 1186 4559 correbtus
1207 4497 1281 4576 (p
1305 4513 1470 4558 corr.
1492 4495 1606 4576 m.)
1635 4493 1742 4557 ad.
1826 4491 2055 4557 funere
2084 4491 2309 4572 (funus
2338 4493 2430 4575 m)
2458 4489 2778 4555 deductus

290 4599 418 4659 est.
496 4593 541 4655 3
587 4591 980 4674 agloaldum.
1061 4594 1104 4654 5
1163 4597 1250 4669 et,
1300 4596 1376 4656 ut
1417 4612 1496 4654 m.
1583 4593 1627 4653 o·
1675 4590 1935 4666 eiulat0,
1986 4609 2031 4654 u
2072 4610 2157 4654 m.
2240 4596 2495 4665 vocate,
2538 4607 2653 4652 um
2694 4607 2781 4654 m.

362 4761 434 4820 (1)
470 4757 590 4810 Hoc
613 4757 784 4810 verbo
806 4755 1008 4810 desinit
1027 4756 1133 4810 col.
1156 4756 1208 4810 11
1231 4755 1482 4812 foliis-1».
