3557 5449
490 606 595 662 52

786 393 935 468 240
1413 419 1827 472 mnnoous
1875 419 2040 470 coo.
2091 421 2432 474 Haemon.
2487 423 2648 475 ωιτ.

952 603 1039 668 Ut
1067 603 1303 670 redeas
1322 609 1535 679 orant,
1564 611 1635 672 et
1658 625 1882 674 coram
1912 607 2206 691 principe
2235 607 2524 690 plorant;

950 701 1265 786 Princeps
1291 703 1571 770 miratur
1598 709 1665 770 et
1694 725 1844 771 cum
1867 707 2112 790 populo
2140 706 2540 772 lacrimatur.

952 801 1075 866 His
1096 801 1191 867 ita
1216 802 1565 884 prostratis
1592 803 1677 868 de
1702 823 1888 870 more
1917 809 2072 870 tuae
2093 805 2360 888 pietatis
2854 809 2994 893 (91)

820 915 915 967 225
952 899 1161 964 Valde
1188 901 1586 984 compateris
1616 902 1966 986 flendoque
1994 903 2215 968 dolere
2242 904 2502 980 videriS,

952 999 1035 1063 Et
1062 998 1223 1064 dicis
1244 1018 1452 1082 quare
1478 1019 1613 1065 non
1642 1001 1856 1083 possis
1885 1001 2014 1066 huc
2043 1021 2382 1067 remeare:

957 1103 985 1131 ⁸
1033 1097 1203 1162 Nam
1234 1099 1383 1163 vovi
1414 1103 1682 1175 temere,
1710 1100 1868 1164 mihi
1899 1119 2050 1165 cum
2077 1099 2298 1165 claves
2323 1100 2638 1172 cecidere.

960 1245 988 1271 „
1034 1195 1246 1274 Quod,
1275 1195 1397 1261 nisi
1427 1197 1771 1280 palparem
1800 1197 2142 1274 dimersas,
2173 1217 2304 1262 non
2326 1217 2716 1264 remearem.

960 1343 989 1372 ,
1036 1293 1163 1360 Per
1190 1293 1449 1360 facilem
1474 1301 1731 1362 motum
1758 1316 1896 1361 non
1923 1316 2198 1380 possum
2225 1297 2526 1380 frangere
2552 1301 2802 1363 votum.

820 1407 915 1458 ²⁴0
956 1443 983 1470 ,,
1032 1392 1297 1459 Grande
1323 1393 1651 1458 sacerdoti
1678 1395 1892 1460 scelus
1919 1399 2024 1460 est
2051 1395 2350 1461 infractio
2369 1397 2526 1460 voti.
2557 1445 2584 1472 ,

954 1490 1116 1556 Post
1140 1492 1307 1557 haec
1325 1493 1531 1557 verba
1558 1493 1699 1557 seni
1720 1493 2123 1577 respondent
2151 1494 2244 1558 sic
2271 1493 2466 1559 alieni
2497 1515 2514 1558 :

961 1596 988 1624 ⁸
1038 1589 1184 1656 Non
1210 1594 1283 1656 ut
1306 1591 1643 1673 periurum
1666 1595 1733 1656 te
1760 1592 2024 1658 noveris
2053 1611 2198 1657 esse
2225 1592 2552 1669 futurum;

966 1739 991 1766 „
1038 1687 1207 1753 Nam
1230 1689 1535 1771 precibus
1561 1688 1773 1772 plebis
1801 1710 1922 1772 pro
1951 1689 2242 1755 clavibus
2260 1690 2425 1755 haut
2444 1691 2840 1757 remanebis.

964 1837 991 1864 „
1038 1787 1181 1852 Has
1201 1787 1321 1852 tibi
1341 1787 1717 1864 reddemus,
1741 1789 1898 1871 quia
1916 1808 2122 1872 penes
2150 1808 2272 1854 nos
2297 1788 2696 1854 rehabemus

828 1901 921 1952 245
968 1935 997 1964 „
1044 1885 1377 1952 fluctibus
1404 1887 1471 1951 in
1501 1887 1757 1970 magnis
1785 1891 2084 1952 servatas
2107 1887 2398 1970 pluribus
2419 1888 2612 1954 annis
2642 1939 2696 1966 „.

955 1983 1143 2048 Tunc
1168 1984 1599 2050 ostenderunt
1626 1985 1749 2050 has
1776 1985 2014 2060 claves,
2045 1989 2113 2050 et
2137 1985 2502 2052 retulerunt

957 2081 1254 2161 Qualiter
1281 2083 1587 2148 immanis
1608 2083 1739 2149 sint
1758 2087 2013 2149 tractae
2041 2103 2315 2166 corpore
2341 2085 2559 2168 piscis.

959 2181 1071 2246 Vir
1098 2181 1321 2264 magni
1348 2181 1563 2246 meriti
1588 2181 1718 2246 iam
1748 2180 1974 2256 nescit,
2001 2186 2075 2246 ut
2095 2187 2272 2258 ante,
2300 2183 2512 2248 reniti.
2860 2185 3000 2268 (93)

960 2280 1201 2345 Verum
1232 2299 1413 2345 mors
1444 2279 1631 2362 pueri
1660 2279 1745 2346 de
1765 2284 1989 2344 mente
2014 2281 2245 2363 nequit
2271 2282 2613 2347 removeri.

831 2394 925 2446 250
962 2379 1133 2443 Hinc
1160 2379 1354 2460 igitur
1381 2379 1629 2444 fessum
1650 2378 1996 2461 somnique
2023 2381 2402 2462 gravamine
2430 2399 2732 2464 pressum

962 2476 1251 2560 Angelus
1278 2477 1521 2543 affatur
1546 2477 1876 2543 mandans
1894 2481 1971 2542 ut
1998 2479 2424 2560 regrediatur,

964 2575 1174 2641 Acilii
1204 2580 1459 2642 maesto
1486 2575 1643 2642 dicit
1672 2599 1689 2640 ε
1724 2582 1751 2609 '¹
1783 2576 2066 2642 Securus
2095 2577 2345 2642 adesto.

972 2728 999 2755 ,‚
1024 2674 1155 2741 Pro
1176 2695 1309 2759 qua
1327 2693 1615 2758 namque
1636 2673 1840 2753 doles,
1862 2695 2069 2759 prope
2095 2675 2272 2741 vivet
2293 2679 2556 2742 mortua
2575 2677 2794 2760 proles
2809 2728 2862 2758 ,.

965 2774 1087 2838 His
1116 2774 1209 2838 ita
1238 2774 1641 2851 monstratis,
1668 2772 1769 2837 vir
1795 2792 2076 2855 magnae
2104 2772 2538 2856 simplicitatis
2867 2774 3005 2857 (94)

836 2889 929 2940 255
967 2872 1275 2937 Pervenit
1300 2872 1387 2936 ad
1410 2876 1695 2954 portum,
1716 2870 2054 2937 dimittens
2076 2870 2293 2936 divitis
2313 2872 2700 2941 <h>ortum.

966 2970 1169 3036 Velox
1194 2970 1363 3036 sicut
1390 2970 1531 3035 avis
1559 2988 1743 3035 mare
1768 2970 2010 3035 transit
2036 2969 2292 3034 concita
2311 2970 2518 3035 navis.

967 3069 1272 3136 Procedit
1297 3068 1561 3151 praesul
1588 3068 1948 3151 septemnis
1969 3068 2285 3150 temporis
2313 3068 2484 3133 exul.

970 3168 1334 3234 Occurrunt
1352 3166 1589 3231 turbae
1617 3166 1842 3248 populi
1867 3166 2238 3247 plaudentis
2265 3167 2352 3232 ab
2379 3167 2565 3243 urbe,

965 3266 1048 3333 Et
1074 3266 1169 3331 sic
1192 3264 1563 3348 praelatum
1590 3268 1902 3329 revocant
1921 3264 1990 3329 in
2018 3264 2488 3346 pontificatum.

840 3380 935 3432 260
971 3365 1159 3431 Tunc
1186 3384 1335 3430 cum
1358 3364 1713 3429 multorum
1734 3363 1945 3428 turbis
1972 3362 2156 3427 vadit
2181 3363 2574 3445 populorum

973 3464 1081 3528 Ad
1104 3462 1424 3527 tumulum
1447 3462 1637 3545 pueri
1658 3465 2034 3544 terramque
2057 3461 2238 3525 iubet
2265 3462 2621 3537 removeri;
2869 3462 3011 3547 (95)

975 3562 1273 3644 Cumque
1301 3560 1641 3643 sepultura
1668 3564 1934 3642 pareret
1958 3558 2139 3623 nuda
2165 3558 2394 3641 figura,

973 3661 1221 3727 Terrae
1248 3663 1619 3743 prostratus
1647 3658 1927 3741 ploravit
1957 3658 2054 3721 vir
2081 3661 2517 3735 memoratus3

974 3758 1113 3824 Nec
1141 3758 1321 3841 prius
1348 3757 1605 3822 illarum
1636 3775 1898 3821 cursum
1926 3756 2138 3821 tenuit
2165 3756 2604 3835 lacrimarum,

847 3874 941 3925 255
978 3857 1195 3936 Quam
1216 3875 1381 3939 puer
1408 3856 1661 3921 externi
1690 3855 1998 3921 tenebras
2019 3854 2224 3919 exiret
2249 3854 2522 3929 Averni;

979 3956 1111 4021 Sed
1137 3955 1349 4020 turbis
1378 3974 1603 4020 coram
1630 3954 1957 4017 modicam
1985 3951 2358 4017 relevantur
2385 3954 2454 4018 in
2481 3952 2712 4019 horam

982 4054 1079 4119 De
1104 4073 1299 4136 prece
1327 4052 1683 4135 praelatuS,
1702 4052 1789 4117 de
1815 4056 2028 4116 morte
2051 4070 2212 4133 puer
2237 4056 2601 4117 revocatuS.

983 4155 1116 4217 Nec
1137 4171 1345 4229 mora,
1376 4151 1725 4216 fecundam
1752 4153 1972 4214 sacrat
1993 4150 2326 4215 Mauritius
2346 4150 2616 4227 undam,

981 4252 1061 4317 Et
1090 4251 1279 4334 quasi
1306 4251 1407 4315 bis
1436 4254 1668 4314 natum
1698 4251 1890 4313 vocat
1916 4249 2090 4313 hunc
2119 4248 2202 4313 de
2229 4249 2407 4314 fonte
2431 4249 2798 4325 Renatum;

853 4366 945 4416 270
983 4349 1109 4428 Qui
1130 4348 1411 4415 Domino
1441 4347 1679 4429 placite
1706 4346 1956 4411 ditatus
1977 4365 2247 4411 munere
2271 4348 2450 4413 -vitae
2883 4348 3023 4433 (96)

983 4448 1224 4513 Postea
1250 4446 1622 4528 praefatum
1652 4444 1945 4527 possedit
1973 4444 2448 4529 pontificatum.

888 4680 959 4714 ’δ’
994 4694 1155 4745 naper
1182 4678 1385 4731 affatur
1399 4679 1661 4742 scriplum
1682 4682 1759 4729 ese
1777 4689 1798 4724 .·
1826 4676 1914 4728 vel
1934 4675 2201 4729 hortatur.
2226 4706 2288 4713 --
2312 4675 2388 4709 ’ω
2407 4676 2524 4729 cml.
2553 4674 2867 4730 multarum.
2889 4706 2952 4715 ·—-
2975 4677 3050 4713 ’²¹
3073 4677 3292 4733 lano-

821 4778 935 4825 ocs,
968 4760 1082 4814 rica
1101 4760 1160 4815 S.
1184 4758 1459 4824 ‚uam-5151,
1480 4774 1531 4811 v.
1554 4760 1679 4813 179:
1704 4758 1814 4825 Qui
1837 4762 1962 4825 post
1983 4757 2292 4826 praelatum
2309 4758 2548 4826 posnedit
2568 4757 2964 4825 pontificatum.
